3609 5234
1606 573 1997 638 -8-

655 747 882 813 lucem
950 746 1072 830 VI,
1122 745 1203 813 41
1275 748 1305 810 ὃ
1373 747 1469 812 δὲ·
1504 744 1828 825 ἀπλήστως
1892 749 1978 823 εἰς
2032 748 2206 833 κόρον
2281 756 2513 818 ἐσθίων
2590 751 2937 835 ἀδδηφοὶγος

654 868 926 954 legitur.

829 989 1111 1057 Ibidem.
1157 996 1266 1055 ἐπὶ
1293 991 1357 1055 δὲ
1389 992 1512 1055 τῶν
1539 993 2092 1071 ἀποπληρουμένων
2122 988 2401 1053 οὐδέποτε
2438 995 2593 1071 λέγει
2631 990 2699 1054 τὸ
2738 996 2937 1055 πάσα-

656 1116 835 1189 σθαι,
878 1114 1006 1175 ἀλλ’
1032 1099 1229 1177 ὄπ’όσα
1258 1111 1434 1191 δηλοῖ
1463 1112 1659 1194 κόρον.
1724 1109 1858 1176 Pro
1897 1108 2243 1196 praesenti
2282 1111 2509 1174 ἀποπλ.
2549 1110 2934 1196 perfectum

657 1237 1144 1314 πεπληρωμένων
1190 1231 1625 1299 scribendum
1648 1230 1964 1296 -videtur.

830 1372 894 1435 p.
944 1351 1028 1417 25
1049 1352 1092 1416 f.
1172 1353 1339 1439 μόνῳ
1388 1353 1691 1440 Μενελάῳ
1752 1355 1823 1415 οὔ
1887 1336 2256 1429 συνέζευκται
2320 1352 2460 1434 γυνὴ
2522 1351 2626 1417 διὰ
2686 1359 2938 1433 γυναῖκα

658 1467 921 1549 γαμετὴν
964 1471 1351 1553 ἡρπασμένην
1384 1519 1398 1533 .
1433 1522 1448 1536 .
1483 1519 1496 1532 .
1553 1470 1743 1536 Ante
1788 1472 2050 1551 γαμετῆν
2098 1473 2468 1540 delendum
2513 1477 2620 1539 esf,
2668 1480 2936 1554 γυναῖκα,

659 1591 842 1674 quod
887 1592 1098 1657 etiam
1143 1591 1311 1658 alias
1359 1592 1582 1659 omitti
1627 1591 1822 1658 solet.

828 1733 894 1796 p.
941 1713 1023 1778 27
1045 1714 1109 1778 b.
1181 1711 1505 1788 Αἰκουανὸς
1547 1711 1701 1776 κατὰ
1753 1711 1953 1775 πολλὰ
2006 1712 2092 1799 τῷ
2137 1717 2469 1799 Συρεντίνῳ
2523 1713 2935 1797 παρεμφερής.

655 1828 946 1915 Propter
974 1830 1126 1896 κατὰ
1157 1830 1352 1895 πολλοὶ
1386 1830 1714 1898 adieetivi
1751 1833 1973 1899 forma
2013 1833 2302 1917 simplex
2339 1834 2618 1916 ἐμφερής,
2658 1854 2836 1918 quae
2865 1834 2937 1898 in

655 1954 855 2016 text-u
887 1951 1139 2017 codicis
1169 1951 1228 2018 Ε
1261 1953 1574 2035 traditur,
1615 1952 1864 2018 rectior
1893 1953 2169 2020 videtur
2198 1972 2368 2035 esse,
2397 1951 2749 2018 invenitur
2780 1953 2937 2018 sim-

654 2068 815 2154 plex
847 2071 1056 2137 etiam
1087 2093 1152 2157 p.
1174 2071 1307 2138 26e
1332 2069 1520 2158 τούτῳ
1549 2072 1812 2156 ἐμφερής
1841 2076 1912 2137 et
1940 2092 2005 2157 p.
2032 2073 2163 2137 270
2194 2075 2284 2160 τῷ
2311 2078 2627 2160 Φαλερίνῳ
2659 2073 2936 2156 ἐμφερής.

825 2212 890 2276 p.
937 2191 1022 2258 28
1035 2192 1096 2258 d.
1144 2189 1304 2257 οἶνον
1348 2200 1630 2275 γίνεσθαι
1673 2194 1741 2258 ὃν
1780 2195 1938 2261 πᾶσι
1976 2195 2434 2279 συγκρινόμενον
2473 2199 2702 2257 καλλίω
2742 2192 2935 2276 εὑρίσ-

652 2318 894 2377 κεσθαι.
986 2313 1421 2401 Quamquam
1467 2315 1818 2382 antecedit
1862 2319 2038 2394 πᾶσι,
2095 2315 2183 2381 Κ.
2240 2320 2402 2382 ante
2448 2320 2678 2380 καλλίω
2731 2312 2936 2380 inseri

653 2432 810 2498 vult
853 2435 1243 2520 genitivum
1272 2437 1538 2511 πάντων.
1582 2456 1712 2522 ego
1757 2436 2132 2502 substituto
2167 2458 2289 2522 pro
2327 2437 2574 2522 plurali
2608 2437 2764 2500 πᾶσι
2804 2435 2937 2502 sin-

655 2554 876 2639 gulari
923 2561 1107 2619 παντὶ
1155 2556 1571 2634 sententiam
1618 2563 1936 2622 sanatam
1982 2577 2132 2624 esse
2178 2559 2435 2643 opinor.

826 2695 893 2759 p.
942 2667 1311 2760 3117?waoe
1361 2676 1425 2740 δὲ
1469 2680 1658 2739 ταῦτα
1704 2676 1774 2740 τοὶ
1821 2683 1921 2741 καὶ
1977 2685 2231 2759 πλησίον
2275 2679 2557 2759 Πιτάνης.
2645 2677 2733 2743 Κ.
2780 2677 2939 2743 scri-

654 2797 959 2863 bendum
1000 2817 1148 2863 esse
1182 2797 1502 2882 opinatur
1540 2800 1730 2862 ταῦτα
1777 2800 1977 2862 πάντα
2021 2803 2298 2878 πλησίον,
2342 2819 2473 2884 ego
2505 2797 2643 2884 legi
2674 2796 2935 2862 malim:

652 2922 837 2981 ταῦτα
879 2918 1211 2984 Λακωνικὰ
1255 2926 1526 2999 πλησίον.

828 3038 1089 3105 Ibidem
1120 3040 1166 3105 f.
1212 3039 1277 3116 ὂς
1306 3038 1623 3125 (80.οἷνος)
1656 3043 1792 3116 τούς
1822 3044 1933 3123 μὲν
1963 3040 2188 3126 ἄνδρας
2217 3043 2535 3120 πινόμενος
2562 3044 2824 3122 ἐξίστησι
2844 3088 2858 3104 .
2882 3089 2896 3105 .
2922 3090 2934 3103 .

654 3161 803 3227 Aut
872 3162 1241 3228 delendum
1307 3167 1414 3229 est
1477 3163 1802 3243 πινόμενος
1869 3168 1991 3228 aut
2064 3162 2459 3228 addendum
2488 3168 2756 3226 -πλείων
2822 3163 2939 3229 vel

655 3270 939 3366 συνεχῶς.
1004 3283 1216 3370 Apud
1244 3283 1635 3368 Aelianum,
1689 3284 1805 3369 qui
1850 3284 1921 3349 in
1967 3305 2035 3349 v.
2082 3283 2148 3348 h.
2187 3283 2286 3366 13,
2319 3283 2361 3349 6
2407 3283 2935 3349 eadem'tradit:

652 3403 720 3480 ὃς
761 3404 866 3502 τοῦ
898 3409 1191 3484 λογισμοῦ
1230 3404 1492 3488 παράγει
1530 3411 1631 3468 καὶ
1673 3407 1966 3488 ἔκφρονας
2009 3399 2147 3476 τούς
2168 3401 2475 3485 Ἀρκάδας
2516 3410 2698 3482 ποιεῖ,
2741 3403 2850 3479 τὰς
2879 3404 2943 3469 δὲ

654 3533 938 3608 γυναῖκας
970 3574 984 3588 .
1019 3575 1032 3588 .
1070 3575 1083 3588 .
1127 3548 1248 3612 pro
1289 3527 1575 3610 Ἀρκάδας
1618 3524 2179 3593 substituendum
2222 3526 2327 3588 est
2372 3521 2614 3607 ἄνδρας.

830 3668 895 3732 p.
944 3647 1046 3713 32.
1101 3648 1211 3723 τὰς
1253 3646 1640 3731 ὀμφακώδεις
1685 3646 2189 3725 συμπατήσαντες
2231 3647 2558 3709 ἀπέθεντο.
2621 3644 2740 3709 K.:
2782 3643 2941 3718 ςτούς

654 3769 696 3833 ἰ.
746 3750 815 3834 e.
848 3766 1104 3852 βότρυς’;
1153 3768 1274 3833 sed
1320 3766 1648 3832 articulus
1694 3765 2063 3832 femininus
2109 3765 2218 3841 τὰς
2261 3765 2562 3831 tuendus
2608 3769 2734 3848 est,
2782 3785 2938 3849 sup-

657 3888 988 3973 plendum
1049 3889 1234 3955 enim
1294 3891 1401 3954 est
1464 3884 1799 3970 σταφυλάς,
1872 3884 2058 3970 quod
2115 3884 2325 3950 etiam
2395 3884 2665 3968 saepius
2727 3904 2938 3969 quam

652 4008 869 4094 βότρυς
912 4008 1182 4095 legitur.

829 4150 895 4213 p.
943 4129 1026 4194 33
1057 4130 1121 4194 b.
1170 4134 1272 4191 καὶ
1315 4130 1401 4203 εἷς
1445 4131 1952 4209 ἀναπεπταμένον
1996 4127 2182 4191 τόπον
2230 4133 2457 4191 θετέον.
2532 4126 2620 4191 Κ.
2667 4126 2939 4193 mavult

652 4252 1010 4328 ἀποθετέον,
1067 4251 1188 4316 sed
1240 4254 1518 4335 propter
1560 4252 2071 4328 ἀναπεπταμένον
2116 4248 2407 4313 verbum
2468 4245 2759 4331 Simplex
2806 4266 2936 4332 ego

654 4369 1112 4454 praetulerim.
