3609 5234
1606 568 2038 636 -36-

681 745 798 830 γὰρ
841 740 1012 809 εἶναι.
1101 742 1423 809 Fortasse
1487 741 1924 808 scribendum
1970 745 2103 808 est:
2164 742 2331 826 παρὰ
2384 742 2448 807 τὸ
2495 742 2791 809 σευἐσθαι
2844 743 2961 829 γὰρ

682 864 784 930 διὰ
830 864 894 930 τὸ
936 864 1275 949 ὁρμητικῶς
1315 866 1349 929 ἔ
1345 888 1494 947 χειν.

856 1008 920 1072 p.
967 983 1163 1052 4020.
1263 994 1509 1071 κρέασιν
1564 988 1810 1068 αἰγείοις
1871 986 2201 1070 χριόμενον.
2307 984 2784 1071 Supplendum
2852 990 2958 1052 est

684 1108 910 1188 μόνοις,
957 1107 1193 1174 confer
1236 1128 1300 1193 p.
1347 1105 1482 1174 440
1527 1112 1627 1172 καὶ
1672 1106 1830 1189 μόνα
1877 1110 2028 1173 σῦκα
2074 1115 2611 1193 προσφερομένους.

1229 1583 1669 1680 Liber
1742 1584 2410 1683 decimus.

742 1870 749 1875 ·
814 1837 926 1904 Ῥ.
973 1835 1119 1903 41-2.
1205 1837 1505 1920 Ἡρακλῆς
1549 1884 1564 1899 .
1598 1884 1612 1899 .
1645 1883 1659 1898 .
1705 1838 1943 1919 ἔρχεται
1987 1841 2085 1899 ἐπὶ
2116 1835 2447 1912 Καύκωνας
2490 1843 2591 1899 καὶ
2635 1836 2958 1917 δεηθείσης

672 1959 1093 2040 Ἀστυδαμείας
1139 1994 1238 2020 -—-.
1284 1956 1418 2024 Pro
1464 1958 1793 2035 Καύκωνας
1838 1957 2237 2025 accusativo
2284 1958 2803 2025 substituendus
2851 1962 2958 2024 est

680 2079 1028 2169 genitivus
1058 2075 1397 2159 Καύκωνος,
1444 2101 1650 2165 quem
1697 2085 1768 2146 et
1813 2085 2084 2147 ceterae
2131 2080 2465 2147 editiones
2500 2080 2841 2146 exhibent
2885 2085 2957 2146 et

678 2202 1013 2272 Aelianus
1075 2200 1146 2266 in
1209 2223 1276 2267 v.
1340 2199 1498 2267 hist.
1556 2200 1603 2267 I.
1661 2201 1747 2266 24
1788 2202 1938 2278 Διὸς
1999 2209 2145 2276 παῖς
2208 2208 2266 2278 ἐς
2328 2201 2650 2278 Καύκωνος
2715 2203 2956 2285 ἀφίκετο

679 2324 906 2389 tradit.
982 2322 1215 2389 Etiam
1259 2322 1487 2389 verbis
1531 2321 1852 2402 δεηθείσης
1876 2321 2301 2404 Ἀστυδαμείας
2342 2321 2780 2409 perspicuum
2826 2325 2952 2406 est,

678 2444 1047 2511 Herculem
1115 2445 1185 2510 in
1255 2445 1535 2510 domum
1597 2442 1935 2512 Cauoonis
2000 2444 2211 2530 ipsius
2277 2444 2570 2513 venisse.
2670 2444 2958 2531 Legitur

679 2566 923 2632 eadem
985 2567 1127 2632 fere
1184 2566 1531 2633 sententia
1582 2588 1646 2652 p.
1699 2567 1878 2632 1781)
1922 2566 2008 2642 ὥς
2052 2558 2244 2645 ἢλθεν
2305 2566 2426 2652 (sc.
2470 2565 2790 2652 Ἡρακλῆς)
2854 2572 2956 2630 ἐπὶ

675 2686 777 2751 τὸν
820 2691 927 2753 τοῦ
963 2684 1198 2768 Κήυκος
1241 2686 1417 2752 οἶκον.
1692 2684 1696 2691 ’

847 2807 1106 2876 Ibidem
1152 2812 1215 2876 b.
1306 2805 1433 2874 εἶτα
1479 2815 1839 2895 θωρηχθεὶς
1882 2817 2271 2895 προκαλεῖται
2309 2811 2623 2895 Ἡρακλέα.
2698 2811 2776 2877 In
2822 2810 2954 2876 hae

678 2930 1024 3001 sententia
1067 2936 1344 3018 propter
1387 2933 1602 2998 verba
1641 2930 1952 2999 Matridis
1997 2932 2456 3018 insequentia:
2506 2937 2606 2996 καὶ
2651 2934 2734 3008 εἷς
2777 2937 2955 2996 πολυ-

677 3060 895 3118 ποσίαν
925 3058 1345 3138 προκληθῆναι
1389 3053 1504 3118 ὕπὸ
1537 3056 1640 3117 τοῦ
1667 3062 1970 3139 Λεπρέως
2004 3055 2459 3141 supplendum
2508 3058 2614 3121 est
2659 3055 2743 3130 εἰς
2784 3080 2956 3134 μονο-

675 3201 763 3254 μα
766 3183 927 3260 χίαν.

847 3318 913 3383 Ρ.
971 3295 1100 3361 419
1125 3319 1181 3364 e.
1280 3297 1449 3383 ὅπως
1515 3295 1662 3377 ἤδύν
1714 3296 1909 3389 ’πότον
1978 3296 2275 3361 ποιῶνται
2337 3298 2426 3378 μή
2493 3297 2678 3379 μόνον
2744 3300 2829 3374 εἰς
2893 3297 2959 3362 τὸ

676 3420 870 3503 παρόν
933 3460 1033 3480 -.
1112 3417 1329 3485 Scribi
1384 3417 1619 3485 malim
1664 3417 1812 3497 ἦὸὐν
1855 3418 1955 3483 τὸν
2002 3417 2208 3499 πότον,
2254 3419 2352 3485 ita
2396 3423 2476 3485 ut
2531 3419 2959 3487 adieebivum

673 3540 1142 3626 praedicative
1188 3540 1635 3626 intelligatur.

791 3704 795 3715 ·
847 3662 1106 3728 Ibidem
1155 3683 1214 3728 e.
1301 3666 1530 3742 μᾶλλον
1568 3663 1685 3747 γάρ
1726 3661 1889 3743 ἡμᾶς
1923 3666 1993 3747 τῇ
2025 3665 2174 3743 μεθ’
2210 3666 2432 3728 ἕαυτῶν
2464 3673 2744 3754 συνουσία
2774 3686 2959 3746 προσ-

678 3786 820 3865 ἧκόν
883 3790 1039 3848 ἐστιν
1101 3787 1425 3868 εὐεργετεῖν
1487 3782 1528 3863 ἢ
1584 3787 1672 3873 τῷ
1726 3785 1956 3865 πλήθει
1993 3824 2092 3846 ——.
2172 3785 2304 3850 Pro
2369 3786 2708 3867 εὐεργετεῖν,
2775 3786 2959 3870 quod

676 3893 906 3973 sensui
949 3926 1193 3993 parum
1241 3910 1481 3992 aptum
1525 3904 1692 3973 mihi
1738 3905 2034 3990 videtur,
2082 3905 2344 3973 conicio
2390 3907 2744 3991 εὐαρεστεῖν.

746 4014 751 4018 ’
847 4050 911 4114 Ρ.
955 4028 1079 4094 421
1099 4051 1159 4096 o.
1247 4034 1348 4092 καὶ
1387 4033 1800 4113 Μνησίμαχος
1835 4077 1849 4091 .
1881 4079 1898 4097 .
1934 4076 1948 4090 .
1994 4028 2353 4111 παράγειτι
2397 4030 2739 4109 συμπόσιον
2785 4037 2957 4094 πολέ-

673 4175 792 4230 μου
821 4149 1204 4235 παρασκευὴν
1237 4151 1764 4234 ἐπαγγελλόμενον.
1840 4150 2008 4217 Post
2048 4156 2311 4232 πολέμου
2352 4150 2686 4219 excidisse
2719 4150 2958 4238 opinor

676 4271 1081 4339 adverbium
1124 4272 1377 4353 μᾶλλον.

846 4415 912 4479 p.
957 4392 1145 4460 424f.
1220 4400 1320 4458 καὶ
1362 4394 1716 4484 διασῴζεται
1748 4398 2035 4477 Φλυῆσιν.
2112 4394 2465 4462 Intercidit
2512 4395 2802 4462 fortasse
2848 4399 2953 4459 ἔτι.
