3609 5234
1698 600 2130 664 ..22—

778 770 952 836 haec
1000 773 1213 837 verba
1258 771 1470 837 artius
1534 772 1631 838 eis
1644 824 1660 855 ‚
1722 792 1901 856 quae
1946 773 2398 856 praecedunt,
2455 774 2926 861 astringantur
2987 782 3059 842 et

776 893 1164 958 sententiae
1212 892 1558 978 elegantia
1603 897 1964 978 augeatur.

786 1096 794 1104 ·
949 1011 1211 1077 Ibidem
1242 1013 1287 1078 f.
1356 1019 1458 1077 καὶ
1502 1017 1624 1077 τῶν
1668 1018 1776 1076 τοῦ
1809 1016 2183 1095 Εὐρυσθέως
2226 1017 2372 1078 υἱαῗν
2415 1013 2523 1091 τὰς
2549 1016 2801 1100 μερίδας
2828 1019 3059 1104 ἑκαστῳ

782 1126 1274 1215 παρατιθέντων,
1344 1138 1432 1221 τῷ
1490 1134 1813 1220 δἨρακλεΐ
1866 1143 2308 1222 ταπεινοτέραν.
2413 1135 2546 1202 Pro
2609 1136 2896 1202 articulo
2955 1163 3060 1213 τας

779 1255 1069 1322 fortasse
1105 1259 1412 1340 praestat
1456 1260 1734 1341 propter
1779 1257 2068 1322 alteram
2114 1261 2382 1341 partem
2428 1246 2718 1344 genitivi
2764 1251 3059 1323 absoluti

776 1373 1073 1440 Scribere
1117 1379 1405 1454 μεγάλας.
2603 1375 2608 1379 ’

955 1516 1017 1581 p.
1081 1497 1222 1563 158.
1299 1500 1352 1559 εἷ
1403 1503 1503 1561 καὶ
1566 1494 1771 1561 πάντα
1820 1498 2178 1580 Ἡρακλέους
2228 1500 2498 1579 ζηλωταί.
2604 1498 2792 1564 Ante
2859 1503 3059 1562 πάντα

779 1615 1352 1700 praepositionem
1397 1617 1549 1680 κατὰ
1595 1617 1894 1703 suppleri
1937 1618 2166 1685 velim.

950 1735 1213 1803 Ibidem
1276 1738 1338 1803 d.
1434 1742 1540 1802 οὐκ
1612 1744 1847 1819 ἐνέγκας
1907 1740 1937 1800 ὁ
2001 1741 2162 1804 κύων
2228 1747 2686 1827 παροραθεῖσαν
2751 1740 2859 1820 τῆν
2921 1746 3063 1821 περὶ

778 1861 887 1936 ’τῆς
929 1860 1125 1940 φακῆς
1166 1859 1612 1937 πολυμάθειαν.
1700 1858 2146 1926 Desideratur
2191 1864 2354 1927 ante
2401 1866 2624 1941 πολυμ.
2686 1881 3063 1946 pronomen

778 1979 975 2041 αὑτοῦ.
1200 1954 1207 1961 ⁶

952 2119 1016 2185 Ρ.
1056 2101 1251 2166 159b.
1321 2103 1425 2165 τόν
1456 2102 1518 2167 δὲ
1541 2103 1734 2187 ἕτερον
1764 2102 2115 2185 ῥαψάμενον
2146 2106 2232 2179 εἴς
2260 2128 2393 2166 τινα
2419 2106 2643 2188 χιτῶνα
2673 2107 2773 2165 καὶ
2798 2101 3061 2165 ἐνδόντα.

781 2219 997 2286 Mein.'
1035 2220 1236 2285 scribi
1282 2223 1465 2288 vult:
1513 2225 1596 2298 εἷς
1634 2223 1735 2287 τὸν
1766 2227 2018 2306 χιτῶνα.
2064 2245 2193 2311 ego
2229 2226 2467 2310 opinor
2514 2249 2642 2288 τινα
2686 2243 3063 2308 pronomen

782 2341 978 2427 quasi
1024 2349 1367 2409 concentu
1413 2310 1602 2410 vocis
1648 2349 1880 2426 χιτῶνα
1934 2346 2290 2413 invectum
2346 2366 2495 2412 esse
2556 2345 2626 2411 in
2673 2348 2941 2410 textum
2991 2348 3062 2408 et

780 2462 1032 2541 idcirco
1077 2464 1463 2532 delendum.

954 2607 1018 2670 p.
1073 2586 1265 2653 163e.
1343 2586 1551 2664 ἔδοξαν
1605 2584 1764 2651 εἶναί
1812 2613 1967 2663 τινες
2021 2587 2148 2652 ἀπὸ
2199 2592 2302 2652 τοῦ
2352 2562 2666 2668 Διοδώρου
2719 2591 3055 2667 προαχθέν.

780 2703 1070 2789 Propter
1116 2703 1380 2772 Timaei
1440 2710 1684 2792 verba,
1748 2730 1926 2793 quae
1989 2713 2395 2793 sequuntur:
2462 2708 2562 2786 την
2624 2711 3058 2786 ἐξηλλαγμένην

780 2827 1198 2907 εἰσαγαγόντος
1225 2830 1591 2909 κατασκευὴν
1636 2834 1708 2895 et
1738 2828 2096 2897 Sosicratis
2137 2831 2331 2908 κόμην
2361 2854 2424 2892 τε
2452 2829 2715 2912 φορῆσαι
2744 2826 2901 2890 κατά
2926 2851 3057 2889 τινα

781 2947 968 3031 τῦφον
1020 2947 1122 3026 τήν
1175 2950 1548 3028 ἐπιτήδευσιν
1599 2952 1816 3030 ταύτην
1866 2953 2254 3032 εἰσαγαγόντα
2309 2954 2427 3030 (Sc.
2475 2947 2808 3032 Διόδωρον)
2869 2947 3059 3014 haud

782 3069 923 3134 scio
971 3090 1060 3135 an
1103 3070 1356 3137 rectius
1399 3092 1520 3157 pro
1565 3073 2069 3158 praepositione
2115 3073 2241 3135 ἀπὸ
2289 3069 2746 3137 substituatur
2788 3067 2930 3131 ὑπὸ.

953 3212 1018 3276 Ρ.
1065 3173 1214 3307 464.
1285 3195 1340 3254 εἶ
1382 3239 1397 3254 .
1431 3242 1445 3255 .
1478 3241 1492 3255 .
1539 3193 1643 3272 τὴν
1686 3196 2046 3278 αὐτάρκειαν
2090 3191 2442 3270 ἀσπάζεσθε
2486 3197 2588 3255 καὶ
2628 3194 2749 3255 τῶν
2795 3190 3056 3254 δείπνων

780 3312 856 3376 τὰ
900 3316 1123 3390 εὐτελῆ.
1213 3314 1626 3381 Accuratius
1674 3316 1990 3382 scribitur
2033 3314 2193 3394 μόνα
2237 3313 2309 3378 τα
2355 3315 2576 3391 εὐτελῆ.

954 3455 1020 3519 p.
1072 3434 1270 3502 165d.
1339 3437 1560 3499 τούτων
1604 3438 1720 3519 γὰρ
1750 3437 2210 3515 ἐμνημονεύσαϊ
2260 3440 2319 3497 ἐν
2363 3441 2484 3509 τοῖς
2512 3471 2615 3495 -.
2671 3433 2757 3499 Κ.
2784 3434 3057 3501 Wilam.

778 3560 1062 3623 auctore
1107 3577 1228 3642 pro
1275 3556 1529 3623 codicis
1559 3556 1877 3640 lectione,
1925 3556 2040 3642 qui
2073 3575 2435 3640 personam
2464 3553 2740 3621 tertiam
2782 3552 3060 3639 pluralis

782 3678 1092 3762 exhibet,
1150 3678 1524 3744 secundam
1571 3678 1851 3764 pluralis
1905 3676 2161 3762 posuit,
2217 3677 2339 3742 sed
2381 3697 2653 3758 vereor,
2718 3696 2805 3740 ne
2849 3679 3056 3739 recte.
3137 3670 3144 3675 ’

781 3797 964 3864 Nam
995 3799 1300 3866 collectis
1347 3805 1417 3866 et
1462 3800 1729 3866 collatis
1746 3765 2077 3864 ‘omnibus
2120 3796 2309 3880 lociS‚
2355 3796 2425 3861 in
2471 3796 2717 3882 quibus
2758 3794 3061 3879 aliquam

779 3940 925 3985 rem
971 3921 1108 3986 iarn
1153 3926 1606 3989 memoratam
1652 3941 1802 3988 esse
1836 3920 2243 3986 Athenaeus
2288 3918 2568 4000 indicat,
2612 3915 2919 4001 plurimis
2964 3916 3061 3982 lo-

782 4041 879 4107 cis
926 4062 1084 4107 eum
1132 4040 1440 4127 perfecto
1500 4041 1757 4128 passivi
1814 4038 2245 4128 (προείρηται),
2307 4037 2455 4104 aliis
2507 4037 2726 4123 prima
2768 4057 3060 4123 persona

780 4163 1060 4248 pluralis
1114 4164 1319 4229 modo
1373 4164 1664 4249 perfecti
1706 4163 1910 4229 modo
1957 4160 2190 4228 aoristi
2241 4160 2372 4243 uti,
2436 4158 2506 4225 in
2571 4158 2761 4224 nulla
2825 4166 3060 4224 autem

782 4283 1173 4350 huiusmodi
1197 4285 1543 4351 sententia
1568 4285 1943 4351 secundam
1969 4303 2331 4369 personam
2354 4279 2794 4365 investigavi.
2865 4278 3058 4347 Conf.

783 4427 847 4491 p.
894 4403 1025 4472 402
1070 4392 1145 4467 οὗ
1184 4406 1709 4485 ἐμνημονεύσαμεν
1755 4412 1814 4469 ἐν
1861 4403 2142 4490 τοῖςπρὸ
2190 4404 2431 4481 τούτων,
2474 4401 2663 4468 415d
2709 4406 2848 4482 περὶ
2891 4399 2953 4464 δὲ
2997 4447 3010 4461 .
3042 4446 3055 4460 .
