3609 5234
1488 551 1923 617 ...15—

704 725 1004 808 ‚Ibidem
1049 724 1095 790 f.
1163 724 1384 807 εὑρέθη
1426 723 1489 787 τὸ
1537 730 1761 807 κίτριον
1808 725 2262 806 ἀντιφαρμακον
2305 721 2370 785 ὂν
2408 721 2631 799 παντὸς
2672 721 2847 801 δηλη-
2919 726 2930 735 ’

566 854 770 929 τηρίου
798 883 903 908 -.
969 843 1361 930 Partioipio‚
1408 844 1592 930 quod
1621 843 1708 909 Κ.
1758 843 2043 928 addidit,
2088 844 2435 911 sententia
2477 865 2617 911 non
2663 849 2845 931 eget,

569 967 807 1035 confer
849 988 915 1052 p.
948 967 1083 1034 810
1131 965 1472 1049 ἀπεδείχθη
1514 964 1578 1029 δὲ
1607 966 1874 1029 καθόλου
1916 964 1990 1028 τὰ
2030 965 2198 1044 μῆλα
2228 964 2845 1048 δυσκατεργαστότερα

564 1094 687 1163 τῶν
732 1092 939 1153 ἀπίων
985 1091 1056 1154 et
1100 1108 1164 1172 p.
1203 1085 1383 1155 148d
1425 1088 1456 1149 ὃ
1502 1090 1632 1160 πᾶς
1676 1086 1875 1150 αὐτῶν
1919 1090 2176 1163 πλοῦτος
2206 1087 2434 1172 ηὑρέθη
2482 1132 2499 1148 .
2529 1134 2548 1153 .
2581 1135 2595 1150 .
2642 1093 2703 1151 ἐν
2746 1112 2847 1151 τα-

567 1210 801 1285 λάντοις
842 1214 1242 1292 τετρακοσίοις
1284 1206 1744 1291 τεσσαράκοντα.
2269 1280 2280 1290 .

737 1351 804 1415 Ρ.
850 1329 954 1396 85.
1047 1327 1145 1392 ἐὰν
1192 1329 1261 1392 δέ
1298 1353 1388 1403 τις
1439 1333 1500 1391 ἐν
1558 1334 1755 1407 μέλιτι
1804 1330 2044 1416 Ἀττικῷ
2079 1375 2095 1390 .
2136 1376 2153 1392 .
2197 1376 2212 1390 .
2273 1337 2514 1412 κίτριον’
2545 1329 2852 1412 συνεψήσῃ

565 1450 718 1530 μετὰ
744 1486 750 1493 ›
777 1452 878 1514 τοῦ
940 1456 1304 1534 σπέρματος.
1392 1448 1481 1514 Κ.
1535 1448 2115 1534 praepositionem
2168 1456 2228 1513 ἐν
2278 1449 2644 1516 delendam
2698 1469 2848 1516 esse

566 1575 788 1657 putat,
837 1571 959 1637 sed
1004 1570 1241 1637 confer
1285 1591 1350 1654 p.
1396 1570 1532 1637 83e
1580 1568 1683 1634 ἐὰν
1725 1568 1842 1653 γάρ
1887 1595 1978 1645 τις
2020 1571 2214 1654 ἑψήσῃ
2256 1578 2316 1636 ἐν
2359 1571 2542 1659 ζωμῷ
2584 1607 2687 1633 -.

735 1693 1000 1760 Ibidem
1045 1693 1090 1759 f.
1181 1692 1252 1757 τοὶ
1295 1692 1596 1776 παιδάρια
1635 1738 1651 1753 .
1695 1737 1711 1752 .
1754 1736 1769 1752 .
1823 1690 1910 1765 εἷς
1952 1689 2015 1752 τὸ
2064 1687 2261 1769 στόμα
2307 1690 2597 1773 λάβωσιν,
2641 1695 2844 1756 αὐλεῖν

566 1818 627 1877 ἐν
671 1813 927 1900 ,ταύταις
978 1812 1102 1897 (so.
1149 1810 1459 1897 λεπάσιν).
1541 1811 1692 1878 Hac
1746 1811 1836 1897 inv
1872 1786 2218 1878 sententia
2269 1813 2847 1897 praepositionem

564 1939 624 1996 ἐν
671 1932 1037 1999 delendam
1084 1954 1233 2000 esse
1281 1934 1518 2018 opinor
1563 1934 1818 2001 collato
1880 1934 2032 2001 loeo
2095 1956 2162 2020 p.
2223 1936 2416 2017 176d
2479 1933 2689 2021 οἵσπερ
2742 1926 2846 1999 οὖν

562 2053 698 2128 τούς
741 2057 825 2140 τῷ
868 2055 1124 2142 καλάμῳ
1168 2057 1493 2139 αὐλοῦντας
1540 2060 1610 2120 et
1657 2076 1721 2141 Ρ.
1773 2054 1900 2122 184
1954 2056 2074 2120 τῶν
2119 2055 2407 2141 πρότερον
2459 2058 2547 2120 ἑνὶ
2589 2056 2845 2146 καλάμῳ

564 2174 939 2258 συριζόντων.

741 2317 808 2383 Ρ.
852 2297 959 2363 91.
1050 2300 1112 2359 αἱ
1164 2296 1228 2360 δὲ
1279 2297 1531 2379 βάλανοι
1574 2345 1589 2360 .
1633 2342 1649 2358 .
1689 2344 1706 2359 .
1769 2297 2119 2381 διαφέρουσι
2180 2299 2348 2382 παρὰ
2411 2298 2547 2376 τούς
2606 2300 2847 2376 τόπους.

567 2415 784 2482 Reote
850 2416 939 2482 Κ.
1013 2416 1167 2483 ooll.
1233 2438 1327 2502 p.-
1355 2418 1482 2484 317
1543 2417 1577 2482 f
1639 2438 1760 2502 pro
1830 2417 1996 2503 παρὰ
2066 2419 2360 2486 coniecit
2425 2419 2602 2499 κατὰ,
2667 2442 2845 2507 quae

568 2537 965 2606 coniectura
1033 2539 1243 2605 etiam
1304 2538 1615 2605 firmatur
1669 2540 1887 2607 altero
1962 2540 2278 2625 exemplo
2340 2561 2405 2625 p.
2452 2540 2634 2607 3551>
2675 2542 2739 2621 ·²]‘
2784 2541 2847 2606 δὲ

565 2666 773 2742 πέρκη-
794 2656 1022 2735 τούτοις
1064 2667 1451 2743 προσεοικυῖα
1493 2660 1647 2743 κατὰ
1688 2662 1907 2738 τόπους
1945 2665 2128 2749 ὀλίγῳ
2171 2662 2532 2726 διαλλάττει.

741 2778 1003 2845 Ibidem
1047 2780 1112 2845 b.
1202 2785 1304 2844 καὶ
1365 2784 1419 2844 οἱ
1483 2787 1542 2844 ἐν
1597 2783 1682 2867 τῷ
1742 2783 2005 2858 ξύεσθαι
2060 2782 2168 2862 τήν
2223 2784 2418 2866 σάρκα
2469 2781 2847 2864 γαλακτῶδες

569 2902 848 2977 ἀνιέντες.
935 2901 1325 2991 Ρτοηοῐῐιθη
1378 2902 1814 2969 indefinitum
1860 2930 1936 2981 τι,
1992 2904 2177 2989 quod
2230 2904 2441 2969 etiam
2488 2902 2634 2968 aliis
2678 2902 2845 2968 loeis

569 3022 913 3090 'adiectivo
959 3023 1234 3107 excidit,
1289 3029 1447 3108 post
1486 3025 1867 3104 γαλακτῶδες
1910 3025 2350 3091 inserendum
2405 3029 2511 3090 est
2523 3046 2540 3108 ;
2594 3023 2846 3110 legitur

567 3164 634 3228 Ρ.
679 3142 812 3211 646
863 3150 965 3208 καὶ
1025 3146 1296 3224 μάλιστα
1336 3147 1470 3207 ,τῶν
1514 3143 1773 3227 ἐχόντων
1816 3144 2062 3231 ὅλκιμόν
2104 3171 2163 3209 τι
2215 3150 2288 3211 eb
2332 3144 2516 3212 314b
2571 3148 2729 3227 ἔχειν
2782 3169 2846 3208 τε

568 3264 904 3349 χονδρῶδές
947 3291 1023 3329 τι.
1074 3263 1388 3331 Excidit
1432 3271 1705 3351 praeter
1751 3268 1936 3334 huno
1972 3267 2204 3334 locum
2246 3287 2312 3351 p.
2360 3263 2494 3332 640
2540 3269 2613 3331 et
2656 3264 2841 3330 248f.

740 3407 806 3471 Ρ.
853 3386 1013 3452 92b.
1089 3385 1299 3469 διόπερ
1345 3387 1486 3467 ω’μοὶ
1530 3392 1641 3466 μὲν
1686 3390 2018 3468 ἐσθιόμενα
2066 3395 2299 3463 κοιλίας
2339 3392 2496 3452 ἐστὶν
2539 3386 2843 3450 ὖπακτικοὶ

568 3506 669 3570 διὰ
716 3506 822 3587 τὴν
866 3507 1215 3587 ἁλυκότητα,
1260 3508 1332 3572 τὰ
1382 3509 1445 3573 δὲ
1500 3547 1612 3571 --.
1676 3508 1913 3593 Verba
1980 3509 2142 3574 huie
2212 3507 2597 3576 sententiae
2651 3511 2845 3575 ante-

480 3714 483 3717 ·
571 3628 888 3694 cedentia
955 3626 1058 3692 διὰ
1125 3629 1233 3708 τήν
1290 3629 1576 3711 ὑγρότητα
1628 3628 1736 3708 τῆν
1789 3637 1849 3695 ἐν
1906 3632 2105 3707 αὐτοῖς
2158 3627 2382 3708 ἄλυκὴν
2435 3627 2711 3693 intuens
2764 3631 2843 3692 ut

569 3748 872 3834 glossam
913 3749 1377 3834 importunam
1408 3751 1776 3817 delendum
1810 3771 1958 3817 esse
2002 3755 2170 3837 puto
2214 3748 2315 3813 διὰ
2355 3748 2457 3830 τὴν
2496 3748 2844 3827 ἁλυκότητα.

739 3870 1001 3938 Ibidem
1046 3892 1104 3937 0.
1195 3873 1573 3951 ἀλυποτάτην
1636 3876 1760 3955 ἔχει
1819 3871 2124 3936 διάθεσιν.
2211 3870 2345 3937 Pro
2400 3874 2521 3952 ἔχει
2573 3869 2841 3955 requiro

568 3998 837 4076 παρέχει.

743 4134 809 4197 Ρ.
854 4112 1009 4180 936.
1081 4117 1144 4191 ἐξ
1187 4101 1274 4177 οἷν
1316 4119 1810 4193 καθαλλομένους
1855 4115 1940 4190 εἷς
1983 4113 2091 4192 τήν
2136 4113 2459 4177 θάλασσαν
2491 4159 2505 4174 .
2537 4160 2551 4174 .
2585 4158 2599 4173 .
2631 4112 2844 4195 ἀναφέ-

570 4257 695 4314 ρειν
761 4233 1014 4309 διπλοῦς
1077 4236 1343 4317 κόγχους.
1449 4234 1529 4302 In
1594 4235 1726 4302 hae
1791 4234 2136 4302 sententia
2200 4233 2585 4300 subiectum
2646 4232 2843 4298 velut

571 4354 945 4440 κολυμβητὰς
987 4361 1144 4440 post
1187 4363 1337 4421 καθ.
1383 4357 1841 4443 supplendum
1887 4363 2012 4424 est.
