3609 5234
1644 476 1857 585 -Ὕῑ
1947 557 2031 581 .-,

695 697 959 780 bitror‚.
994 695 1231 765 confer
1285 694 1598 765 similem:
1628 693 2045 765 sententiam
2113 714 2178 778 p.
2229 691 2414 761 143d
2459 692 2596 771 τούς
2638 703 2982 776 γενομένους

694 816 917 901 ἄνδρας
985 814 1261 897 ἀγαθοὺς
1334 817 1679 892 ἐπαινοῦσι,
1758 794 2234 898 προτρεπόμενοι
2309 814 2444 891 τούς
2516 823 2834 901 νεωτέρους
2897 817 2983 891 εἷς

695 938 1141 1021 ἀνδραγαθίαν,
1178 934 1374 1005 aliud
1419 932 1814 1019 exemplum
1855 931 2017 1000 vide
2061 954 2128 1019 p.
2171 934 2301 1003 627
2312 934 2380 1000 d.

866 1079 933 1143 p.
986 1059 1135 1123 17θ.
1202 1056 1269 1122 αἱ
1311 1060 1653 1138 φιλοτιμίαι
1696 1053 2027 1134 ζητούντων
2071 1055 2127 1116 εἶ
2155 1056 2318 1142 λόγῳ
2362 1053 2403 1135 ἢ
2444 1057 2616 1140 μα’χῃ
2657 1062 3017 1141 αἱρεθῆναι·

693 1178 792 1242 δεῖ
831 1177 898 1241 τὸ
917 1175 1116 1242 Ἴλιον.
1191 1174 1566 1242 Verissime
1597 1171 1988 1276 Schweigh.
2039 1194 2161 1258 pro
2206 1175 2364 1264 λόγῳ
2394 1176 2556 1264 δόλῳ
2603 1179 2978 1246 coniecisse

693 1298 860 1365 mihi
923 1299 1200 1367 videtur
1262 1296 1561 1363 intuenti
1594 1293 1979 1361 Herodiani
2033 1293 2264 1371 locum
2308 1296 2358 1380 Ι,
2412 1297 2493 1363 14
2554 1299 2640 1375 αῖς
2692 1300 2775 1379 μὴ
2821 1298 2982 1387 δόλῳ

692 1427 795 1485 καὶ
826 1422 1030 1505 ἀπάτῃ
1059 1419 1674 1501 παρασπονδήσαντες
1702 1413 2045 1496 ἠδικήσατε,
2092 1415 2248 1492 ἀλλά
2291 1417 2369 1480 δι’
2402 1418 2608 1485 δ’πλων
2638 1421 2985 1503 νικήσαντες

700 1539 1072 1624 ἐκρατήσατε.

869 1680 934 1745 p.
982 1659 1141 1727 20b.
1218 1661 1322 1722 οὐκ
1369 1657 1442 1723 ἄν
1472 1685 1564 1735 τις
1593 1662 1824 1724 σκοποῦ
1854 1658 2063 1741 πόρρω
2094 1659 2352 1736 τοξεύων
2388 1667 2565 1741 λέγοι.
2655 1659 2980 1726 Fortasse

696 1781 924 1847 verbis
955 1780 1241 1848 mutatis
1274 1782 1709 1849 scribendum
1742 1786 1850 1846 est
1879 1779 2105 1856 τοξεύω
2136 1786 2341 1860 λέγων.
2403 1779 2654 1848 Confer
2684 1802 2748 1866 p.
2774 1779 2903 1848 258
2916 1782 2981 1864 b,

700 1904 829 1973 302
844 1903 908 1986 d,
951 1901 1150 1970 4330.
2603 1916 2606 1921 ·

868 2043 933 2108 p.
981 2023 1136 2093 2ΟΟ.
1210 2021 1320 2097 τὰς
1364 2029 1424 2085 ἐν
1467 2022 1537 2105 τῇ
1566 2022 1886 2100 Ῥωμαίων
1929 2022 2315 2104 οὐρανοπόλει
2361 2023 2825 2117 ἀριθμουμένας
2869 2021 2981 2107 πό·

697 2150 839 2218 λέις.
924 2143 1379 2210 Probabiliter
1422 2163 1546 2227 pro
1592 2144 1814 2226 ἀριθμ.
1855 2141 2130 2209 Wilam.
2178 2142 2431 2213 conicit
2475 2135 2815 2227 ἱδρυμένας,
2861 2143 2983 2208 sed

698 2284 831 2351 ego
895 2264 1219 2331 substitui
1280 2263 1516 2329 malim
1575 2261 2030 2345 καθιδρυμένας
2092 2262 2570 2347 compositum,
2635 2261 2820 2346 quod
2892 2261 2980 2328 ad

700 2385 1108 2470 scripturam
1154 2383 1408 2451 codicis
1453 2384 1730 2470 propius
1775 2382 2065 2449 accedit.

868 2525 930 2589 p.
979 2504 1133 2570 220.
1189 2507 1405 2585 Ζήνων
1451 2506 1515 2570 δὲ
1554 2506 1584 2567 ὁ
1614 2504 1779 2588 Κρὴς
1821 2504 1851 2565 o‘
1898 2504 2059 2567 πάνυ
2082 2506 2427 2587 Ἀρταξέρξῃ
2454 2510 2979 2587 προσφιλέστατος.

698 2624 1050 2691 Particula
1120 2626 1301 2706 πάνυ,
1373 2649 1495 2713 pro
1571 2647 1707 2711 qua
1780 2624 1870 2691 K.
1944 2624 2332 2710 genitivum
2404 2622 2649 2691 πάντων
2718 2647 2983 2710 ponen-

700 2747 864 2813 dum
909 2768 1057 2814 esse
1115 2749 1503 2829 arbitratur,
1561 2745 1837 2815 tolerari
1892 2749 2142 2830 potest,
2198 2745 2434 2811 confer
2476 2766 2542 2830 p.
2589 2746 2675 2812 50
2720 2744 2807 2828 ef,
2860 2744 2981 2810 ubi

696 2868 940 2934 eadem
1006 2868 1345 2952 particula
1399 2890 1558 2935 cum
1615 2865 2036 2951 superlativo
2092 2866 2559 2951 coniungitur:
2634 2866 2795 2930 πάνυ
2864 2864 2980 2948 γάρ

695 2994 856 3057 ἐστιν
902 2987 1273 3071 ὡρικώτατα.

868 3129 933 3194 p.
981 3109 1067 3177 23
1083 3110 1146 3175 d.
1221 3113 1342 3174 ἔστι
1388 3110 1452 3174 δὲ
1497 3111 1689 3194 εὑρεῖν
1734 3114 1837 3173 καὶ
1882 3114 1983 3174 ἐπὶ
2019 3112 2129 3187 ’τῆς
2171 3117 2410 3183 ἐννοίαςΔ
2442 3107 2656 3186 ταύτης
2700 3117 2978 3185 σπανίως

695 3229 758 3292 τὸ
790 3231 1174 3294 ἀνακεῖσθαι.
1236 3229 1534 3297 Kaibelii
1566 3230 1963 3305 coniectura
2007 3238 2203 3294 καίτοι
2232 3240 2506 3306 σπανίως
2550 3230 2719 3299 mihi
2755 3229 2978 3315 magis

695 3352 1023 3435 probatur
1062 3372 1271 3436 quam
1311 3351 1544 3433 litotes
1586 3353 1652 3414 οὔ
1685 3361 1979 3432 σπανίως,
2023 3373 2232 3437 quam
2262 3351 2537 3419 Wilam.
2573 3351 2771 3420 scribi
2804 3353 2981 3432 vult,

696 3492 859 3536 nam
921 3477 1199 3557 praeter
1263 3472 1581 3558 exempla
1644 3494 1892 3558 pauca,
1957 3493 2134 3559 quae
2188 3472 2322 3538 hoc
2372 3471 2525 3538 loco
2579 3470 2981 3555 afferuntur,

699 3592 965 3661 duobus
1010 3593 1158 3661 aliis
1202 3593 1369 3663 locis
1415 3594 1600 3679 apud
1645 3594 2094 3661 Athenaeum
2137 3594 2430 3659 verbum
2474 3593 2838 3656 ἀνακεῖσθαι
2883 3592 2982 3657 ita

698 3717 1107 3797 usurpatum
1137 3713 1474 3795 videmus,
1523 3711 1762 3779 confer
1805 3732 1871 3797 p.
1910 3711 2031 3778 137
2052 3713 2096 3777 b
2141 3712 2212 3777 in
2250 3710 2581 3779 Matronis
2627 3688 2979 3777 conuivio:

695 3831 914 3911 μεστὸς
971 3832 1025 3896 δ’
1071 3834 1389 3911 ἀνεκείμην
1450 3836 1523 3898 et
1582 3852 1647 3916 p.
1701 3831 1884 3901 156e
1947 3831 2017 3897 in
2081 3831 2519 3897 Parmenesci
2565 3829 2982 3917 Cynicorum

698 3952 1045 4019 convivio:
1094 3956 1420 4035 κατέλαβον
1465 3952 1531 4016 δὲ
1573 3954 1850 4028 κυνικούς
1892 3959 2003 4034 μὲν
2047 3957 2469 4035 ἀνακειμένους
2510 3953 2595 4030 ἕξ.

870 4093 936 4157 p.
983 4069 1088 4139 24.
1143 4072 1228 4147 εἶς
1268 4072 1442 4156 κόρον
1488 4071 1603 4157 γὰρ
1646 4079 1852 4140 ἐλθεῖν
1893 4077 1999 4137 οὐκ
2043 4078 2139 4141 εἴα
2183 4074 2249 4137 τὸ
2293 4081 2540 4151 πένθος.
2628 4073 2847 4141 Recte
2892 4070 2979 4136 Κ.

698 4192 866 4259 mihi
905 4191 1278 4260 coniecisse
1317 4195 1593 4263 videtur
1635 4200 1871 4260 ἐσθίειν
1909 4214 2032 4279 pro
2063 4201 2291 4275 ἐλθεῖν,
2338 4194 2522 4279 quod
2560 4213 2700 4259 non
2739 4190 2980 4273 solum,

698 4317 780 4378 ut
827 4311 911 4378 K.
958 4316 1157 4378 notat
1199 4314 1270 4380 in
1299 4315 1582 4402 Didymi
1627 4316 1838 4382 schol.
1886 4314 1936 4398 Ι,
1982 4315 2131 4399 222,
2178 4315 2298 4381 sed
2344 4314 2553 4381 etiam
2599 4313 2784 4399 apud
2827 4311 2983 4377 Pol-
