3609 5234
825 1671 1022 1800 Cum
1064 1726 1227 1789 ante
1272 1742 1529 1807 paucos
1577 1740 1792 1787 annos
1839 1718 2048 1786 editio
2087 1740 2272 1787 nova
2301 1718 2649 1786 Athenaei
2695 1739 2737 1785 a
2766 1718 2929 1786 Kai-
3007 1775 3013 1781 .

646 1836 860 1932 belio,
922 1844 1070 1910 viro
1137 1842 1560 1926 doctissimo,
1626 1840 1990 1928 diligenter
2052 1845 2293 1906 curata
2355 1840 2426 1906 in
2469 1840 2698 1907 lucem
2744 1841 2929 1908 edita

654 1972 858 2051 esset,
914 1966 1032 2032 Iw.
1083 1965 1166 2030 de
1212 1962 1520 2047 Mueller,
1565 1961 1673 2027 vir
1717 1960 2212 2028 illustrissimus
2258 1960 2576 2047 idemque
2623 1961 2930 2029 doctissi-

638 2110 823 2172 mus,
870 2089 1112 2154 auctor
1156 2083 1323 2149 mihi
1367 2082 1520 2165 fuit,
1564 2086 1645 2147 ut
1688 2102 1968 2167 operam
2004 2101 2232 2147 meam
2275 2080 2436 2147 huic
2483 2080 2765 2148 editioni
2807 2081 2930 2147 im-

638 2209 1042 2296 penderem.
1131 2205 1368 2291 Atque
1413 2223 1559 2269 rem
1605 2221 1972 2289 aggressus
2017 2200 2231 2285 hanc,
2276 2205 2357 2267 ut
2400 2200 2787 2289 philologus
2835 2200 2930 2268 ait

640 2330 962 2417 quidam,
1033 2322 1519 2409 cornucopiam
1584 2323 1839 2390 veteris
1910 2321 2261 2410 doctrinae
2321 2321 2588 2409 perlegi
2649 2342 2930 2407 sperans

652 2469 950 2516 messem
993 2449 1277 2513 uberem
1321 2466 1431 2510 me
1477 2443 1826 2510 facturum
1870 2462 2041 2509 esse.
2131 2440 2270 2509 Sed
2311 2449 2680 2530 postquam
2724 2444 2932 2530 pluri-

642 2590 801 2636 mos
831 2568 1019 2635 locos
1066 2586 1226 2632 cum
1255 2567 1357 2632 ab
1405 2565 1552 2632 aliis
1592 2568 1744 2629 tum
1789 2584 1831 2629 a
1861 2561 2199 2647 Kaibeli0,
2245 2563 2617 2631 novissimo
2648 2559 2928 2649 editore,

638 2688 1053 2757 emendatos
1100 2707 1250 2753 esse
1293 2684 1601 2752 intellexi
1655 2705 1882 2770 neque
1938 2683 2140 2749 facile
2197 2703 2346 2751 esse
2398 2684 2756 2771 negotium
2800 2685 2930 2753 illis

648 2829 869 2877 novas
902 2807 1419 2875 emendationes
1474 2804 1764 2888 adicere,
1812 2804 2112 2871 muneris
2162 2805 2465 2890 suscepti
2511 2805 2932 2891 aliquamdiu

652 2951 764 2997 me
807 2928 1161 3015 paenitere
1208 2925 1454 3012 coepit.
1544 2924 2003 2991 Nihilominus
2034 2924 2340 2991 animum
2382 2947 2523 2993 non
2561 2928 2933 2996 'demitten-

642 3053 819 3118 -dum
849 3070 998 3117 esse
1023 3049 1392 3116 arbitratus
1423 3067 1576 3113 sum
1607 3049 1678 3111 et
1710 3045 1850 3130 otii,
1883 3050 2222 3133 quantum
2251 3049 2419 3116 mihi
2442 3049 2932 3136 suppeditaret,

644 3174 931 3237 tantum
974 3169 1343 3236 Athenaeo
1388 3167 1849 3234 tribuendum.
1938 3167 2176 3255 Atque
2229 3170 2553 3256 quoniam
2606 3170 2933 3237 maiorem

655 3295 923 3377 partem
966 3289 1316 3356 Athenaei
1380 3295 1450 3355 et
1510 3289 1731 3375 ipsam
1794 3289 2262 3374 epitomatoris
2316 3289 2674 3357 cuiusdam
2728 3311 2934 3376 opera

650 3410 1094 3497 perfunctam
1153 3409 1242 3476 ad
1297 3430 1421 3476 nos
1473 3409 1871 3495 pervenisse
1927 3416 2232 3495 constat,
2295 3411 2732 3479 utilissimum
2785 3430 2934 3478 esse

650 3528 1052 3598 existimavi
1106 3549 1314 3596 sensu
1370 3532 1724 3616 explorato
1780 3538 1852 3599 et
1904 3532 2230 3620 inquisito
2281 3531 2618 3599 rationem
2666 3531 2936 3598 dicendi

648 3654 1148 3720 observantem
1211 3651 1495 3735 addere,
1561 3651 1616 3717 si
1678 3650 1843 3737 quid
1888 3652 2310 3737 addendum,
2375 3657 2498 3719 aut
2562 3653 2816 3736 delere,
2881 3652 2937 3719 si

650 3771 826 3858 quid
887 3772 1259 3838 delendum
1320 3792 1470 3838 esse
1533 3771 1701 3837 mihi
1745 3771 2126 3857 videretur,
2193 3773 2437 3840 deinde
2501 3772 2556 3838 si
2619 3770 2784 3857 quid
2848 3773 2935 3837 ab

649 3891 809 3959 aliis
875 3891 1266 3959 coniectum
1318 3892 1766 3975 invenissem,
1836 3892 2230 3960 examinare
2296 3899 2366 3960 et
2413 3892 2815 3979 disquirere,
2882 3893 2936 3959 si

650 4010 825 4096 quid
890 4014 1068 4078 bene
1113 4017 1461 4078 mutatum
1525 4011 2037 4098 cognovissem,
2115 4013 2247 4079 hoc
2324 4013 2676 4098 exemplis,
2723 4030 2939 4099 quan-

650 4136 812 4197 tum
855 4131 1002 4199 fieri
1044 4137 1307 4219 posset,
1369 4132 1660 4215 firmare,
1724 4132 1830 4199 sin
1878 4138 2115 4199 autem
2158 4136 2447 4217 temere,
2512 4133 2822 4200 refellere
2866 4138 2937 4199 et

658 4253 914 4319 reicere
936 4304 953 4336 ,
1033 4253 1327 4339 denique
1399 4253 1455 4320 si
1522 4252 1686 4339 quid
1754 4253 2236 4341 corrigendum
2312 4254 2937 4341 investigavissem,

651 4378 1002 4460 quantum
1047 4393 1348 4458 possem,
1406 4373 1792 4440 emendare.
1883 4373 1993 4441 Ex
2036 4375 2142 4441 his
2195 4374 2415 4442 multa
2467 4375 2566 4442 ita
2625 4374 2939 4460 exposita

2558 4478 2628 4544 1*
