3609 5234
1626 562 2060 627 -12—

705 788 709 797 .
798 770 805 775 ⁴
879 738 1143 817 Ibidem
1188 738 1252 802 d.
1298 740 1399 798 καὶ
1437 733 1527 797 ὅτι
1572 734 1862 817 πρότερον
1905 734 2025 796 τῶν
2070 732 2272 797 ἄλλων
2318 733 2666 818 ἀκροδρύων
2710 742 2984 817 φαίνεται

706 868 832 941 (SC.
877 856 1111 945 μόρον).
1202 857 1461 925 Versus
1515 857 1987 941 insequentes:
2050 859 2153 916 καὶ
2195 863 2441 937 μορέης,
2500 854 2540 935 ἢ
2585 860 2764 931 παισὶ
2817 862 2985 920 πέλει

708 985 1000 1058 μείλιγμα
1063 985 1276 1058 νέοισι.ι
1334 978 1592 1061 ’πρῶτον
1660 978 2121 1054 ἀπαγγέλλουσα
2180 978 2415 1057 βροτοῖς
2479 974 2680 1052 ἡδεῖαν
2744 975 2986 1058 ὀπώρην

706 1099 988 1167 intuens
1032 1119 1154 1184 pro
1201 1107 1477 1183 φαίνεται
1509 1096 2068 1163 substituendum
2098 1116 2248 1162 esse
2281 1096 2568 1162 arbitror
2612 1104 2985 1160 πεπαίνεται.

880 1240 945 1304 p.
993 1218 1154 1285 52b.
1221 1218 1311 1282 ὅτι
1374 1223 1436 1281 αἱ
1497 1217 1731 1292 Νάξιαι
1793 1216 2139 1296 ἀμυγδάλαι
2202 1217 2304 1281 διὰ
2359 1218 2612 1297 μνήμης
2650 1206 2802 1298 ’ἦσαν
2864 1226 2987 1291 τοῖς

709 1346 993 1423 παλαιοῖς
1023 1361 1040 1377 ·
1070 1344 1173 1402 καὶ
1234 1347 1497 1419 γίνονται
1553 1337 1744 1413 ὅντως
1796 1347 1857 1403 ἐν
1901 1341 2096 1426 Νάξῳ
2133 1343 2208 1422 τῇ
2256 1340 2420 1427 νήσῳ
2465 1340 2762 1423 διάφοροι.
2851 1339 2984 1406 Pro

707 1462 950 1539 μνήμης
981 1459 1275 1526 seribere
1302 1460 1539 1529 malim
1568 1464 1762 1539 τιμῆς.
1795 1462 2040 1528 eadem
2069 1461 2365 1528 elocutio
2395 1462 2745 1528 invenitur
2776 1463 2986 1535 etiarn
3040 1472 3045 1481 '

707 1600 774 1664 p.
820 1580 1002 1647 2833,
1064 1582 1131 1643 οὗ
1176 1580 1359 1658 μόνον
1404 1584 1492 1667 τῷ
1529 1581 1870 1645 Ποσειδῶνι
1916 1583 1947 1644 ὃ
1993 1591 2302 1663 πομπίλος
2346 1589 2468 1647 ἐστὶ
2512 1582 2612 1646 διὰ
2659 1585 2837 1662 τιμῆς
2884 1619 2984 1644 -.

879 1701 1143 1767 Ibidem
1174 1702 1237 1768 d.
1285 1705 1733 1767 ἐπακτικώτατα
1779 1704 1846 1767 δὲ
1874 1703 2029 1786 πρὸς
2057 1704 2239 1767 πότον
2285 1706 2361 1768 τά
2398 1701 2719 1784 ἀμύγδαλα
2767 1726 2985 1786 προεσ-

705 1823 987 1905 θιόμενα.
1075 1822 1401 1909 Sequitur
1443 1824 1798 1909 Eupolidis
1845 1825 2115 1909 ecloga:

1225 1944 1392 2009 δίδου
1435 1945 1766 2024 μασᾶσθαι
1810 1949 2054 2021 Ναξίας
2098 1945 2454 2028 ἀμυγδάλας

1222 2061 1377 2128 οἶνόν
1407 2089 1470 2127 τε
1514 2073 1713 2127 πίνειν
1755 2069 2011 2142 Ναξίων
2053 2069 2467 2144 ἀπ’ἀμπέλων.

879 2185 969 2269 Κ.
1014 2187 1230 2253 verba
1272 2186 1628 2271 Eupolidis
1684 2207 1826 2253 non
1880 2209 2002 2254 suo
2057 2188 2209 2255 loeo
2264 2209 2414 2255 esse
2460 2188 2838 2274 suspicanti
2883 2210 2987 2256 as-

707 2306 945 2373 sentiri
987 2327 1128 2373 non
1166 2327 1467 2391 possum,
1514 2328 1677 2373 nam
1723 2308 1967 2375 oomioi
2010 2308 2239 2374 verbis
2269 2308 2714 2375 Athenaeum
2758 2310 2988 2395 potius

707 2427 1113 2494 confirmare
1144 2427 1444 2495 voluisse
1477 2435 1763 2514 apparet
1794 2429 2182 2515 amygdalis
2215 2429 2398 2497 sitim
2441 2429 2731 2514 incitari,
2780 2451 2990 2515 quam

709 2550 781 2616 in
826 2551 1025 2617 Naxo
1071 2552 1296 2617 insula
1338 2551 1653 2638 egregias
1698 2551 1893 2637 gigni
1938 2550 2367 2637 amygdalas,

786 2741 793 2749 .
884 2693 947 2757 p.
995 2673 1138 2739 52f.
1225 2673 1317 2735 ὅτι
1358 2680 1500 2755 περὶ
1552 2678 1658 2752 τῆς
1716 2677 2029 2757 προφορᾶς
2082 2675 2183 2736 τοῦ
2236 2674 2408 2737 τόνου
2473 2677 2578 2753 τῆς
2640 2673 2990 2754 ἀμυγδάλης

715 2793 1045 2883 Πάμφιλος
1093 2796 1205 2871 μὲν
1249 2795 1418 2869 ἀξιοῖ
1463 2798 1563 2857 ἐπὶ
1615 2798 1722 2856 τοῦ
1768 2796 2027 2877 καρπου”
2082 2795 2363 2877 βαρύνειν
2407 2794 2632 2872 ὁμοίως
2675 2797 2761 2880 τῷ
2802 2796 2990 2873 ἀμυγ-

707 2914 877 3000 δάλῳ
909 2935 924 2950 ·
954 2914 1018 2977 τὸ
1077 2923 1279 2991 μέντοι
1326 2913 1568 2997 δένδρον
1611 2921 1785 2981 θέλει
1852 2916 2191 2998 περισπᾶν,
2262 2913 2580 2994 ἀμυγδαλῆ
2647 2919 2750 2977 καὶ
2822 2913 2988 2996 ῥοδῆ.

710 3036 799 3111 Κ.
859 3037 1292 3111 scribendum
1349 3057 1499 3103 esse
1553 3036 1900 3122 opinatur:
1968 3037 2190 3113 ὁμοίως
2252 3039 2342 3121 τῷ
2400 3033 2561 3120 ῥόδῳ
2622 3033 2987 3115 ἀμύγδαλον.

709 3157 880 3224 Mihi
926 3162 997 3223 et
1041 3158 1214 3223 haee
1245 3157 1608 3244 Pamphili,
1656 3178 1834 3242 quae
1866 3155 2269 3237 afferuntur,
2317 3159 2390 3220 et
2418 3155 2751 3241 reliquam
2784 3177 2991 3241 quae-

710 3281 1009 3347 stionem
1062 3286 1200 3363 περὶ
1244 3284 1348 3357 τῆς
1391 3283 1711 3363 προφορᾶς
1753 3280 1854 3342 τοῦ
1899 3278 2069 3341 τόνου
2117 3276 2220 3354 τῆς
2272 3275 2622 3356 ἀμυγδάλης
2683 3281 2991 3345 oontem-

711 3401 932 3486 planti
977 3422 1202 3486 neque
1248 3386 1618 3486 quiequam
1665 3398 2060 3465 addendum
2111 3416 2337 3481 neque
2384 3398 2796 3464 mutandum
2841 3419 2988 3465 esse

712 3522 1005 3588 videtur.
1099 3521 1465 3606 Quaeritur
1510 3522 1595 3587 de
1639 3521 1871 3586 fructu
1910 3517 2347 3604 amygdalae,
2395 3522 2627 3583 utrum
2674 3518 2989 3598 ἀμυγδάλη

708 3643 910 3728 gravi
941 3648 1237 3715 aooentu
1268 3664 1359 3709 an
1388 3642 1706 3723 ἀμυγδαλῆ
1738 3641 1988 3708 ultima
2015 3639 2459 3706 circumflexa
2489 3639 2988 3725 pronuntietur,

710 3768 791 3829 ut
836 3762 1258 3832 Philoxenus
1303 3786 1369 3850 p.
1414 3764 1499 3831 53
1543 3762 1882 3847 ἀμφότερον
1925 3763 2217 3853 περισπᾷ.

885 3907 949 3971 p.
999 3884 1154 3953 540.
1220 3892 1342 3951 ἐστὶ
1394 3885 1506 3966 γὰρ
1567 3885 1736 3948 τοῦτο
1800 3884 1864 3946 τὸ
1919 3894 2241 3966 χείριστον.
2337 3882 2567 3951 'Recte
2634 3881 2990 3948 Dobraeus

711 4004 1079 4072 articulum
1125 4006 1544 4092 superlativo
1592 4004 1884 4087 addidit,
1939 4004 2175 4070 confer
2228 4025 2293 4089 p.
2343 4005 2519 4073 §.2290
2581 4007 2685 4071 καὶ
2727 4005 2875 4067 τοῦτ’
2921 3993 2989 4081 ἢν

711 4127 775 4190 τὸ
822 4133 1317 4201 πολυτελέστατον
1372 4132 1443 4194 et
1487 4149 1553 4212 p.
1604 4128 1800 4210 115a,
1855 4124 2017 4191 vide
2070 4125 2281 4191 etiam
2326 4125 2677 4197 Kuehner.
2726 4145 2825 4210 gr.
2873 4122 2986 4190 Gr.

713 4269 778 4333 p.
825 4249 974 4315 513.
1053 4247 1377 4316 Ohlertus
1423 4250 1495 4315 in
1542 4249 1720 4315 Berl.
1769 4246 2003 4333 philol.
2053 4245 2162 4312 W.
2209 4246 2581 4312 lectionem
2626 4246 2990 4331 vulgatam

710 4348 1045 4438 tuendam
1090 4390 1240 4437 esse
1286 4375 1541 4437 censet.
