3609 5234
1539 553 1977 619 -14....

1263 1094 1707 1195 Liber
1777 1093 2346 1191 tertius.
2397 1158 2408 1169 ·

829 1333 908 1399 P.
954 1333 1117 1400 73b.
1183 1331 1288 1396 δύο
1341 1336 1452 1410 μὲν
1506 1321 1607 1393 οὖν
1659 1328 1871 1412 ἤνεγκέ
1919 1356 2058 1405 πως
2109 1333 2204 1409 ἔτη
2267 1330 2499 1414 καρπὸν
2544 1333 2796 1407 ἐκτενῶς
2838 1336 2941 1394 καὶ

658 1452 894 1534 ηὔξησε.
979 1453 1069 1519 Κ.
1110 1474 1233 1538 pro
1266 1452 1498 1518 activo
1531 1439 1744 1530 ηἶῖξησε
1775 1451 2030 1517 conicit
2060 1452 2434 1537 passivum,
2480 1452 2602 1518 sed
2632 1452 2940 1518 activum

657 1574 1078 1643 servandum
1138 1578 1258 1641 est
1339 1572 1721 1639 secundum
1770 1570 1970 1638 Diod.
2034 1569 2122 1654 V,
2168 1570 2248 1636 41
2317 1576 2733 1655 συνεργρῢντος
2787 1572 2942 1653 πρὸς

657 1701 889 1759 τελείαν
948 1693 1199 1776 αὔξησιν
1251 1695 1371 1756 τῶν
1415 1695 1689 1776 καρπῶν,
1725 1690 1948 1758 ‘etiam
2010 1692 2417 1760 adverbium
2480 1699 2719 1769 τελείως
2782 1693 2941 1760 addi

659 1816 895 1906 possit.

832 1958 898 2021 p.
943 1935 1047 2003 83.
1114 1935 1179 1999 τὸ
1241 1934 1541 2018 Περσικόν
1609 1958 1756 2018 φησι
1803 1982 1818 1997 .
1852 1982 1868 1997 .
1901 1981 1917 1996 .
1996 1932 2350 2013 πιεζόμενον
2413 1942 2693 2019 πλεῖστον
2746 1940 2943 2000 ἔλαιον

661 2060 909 2121 ἀνιέναι.
998 2056 1130 2123 Pro
1178 2058 1408 2120 ἀνιέναι
1470 2059 1542 2121 et
1594 2055 1727 2122 hoc
1787 2057 1941 2135 loco
2012 2060 2083 2122 et
2125 2077 2192 2141 p.
2239 2056 2379 2122 9lb
2442 2057 2677 2123 malim
2740 2057 2941 2124 scribi

659 2173 918 2261 ἀφιέναι,
966 2176 1202 2243 confer
1245 2197 1310 2262 p.
1358 2176 1498 2244 92b
1543 2176 1614 2240 τὰ
1659 2176 1927 2256 ἑψόμενα
1973 2180 2187 2262 ἀφίησι
2234 2176 2452 2256 ἅλμην.

832 2298 1096 2389 Ibidem
1141 2297 1187 2363 f.
1264 2286 1351 2361 οἷν
1394 2320 1576 2380 φησιν
1617 2298 1648 2360 ὅ
1683 2278 2068 2382 Θεόφραστος
2111 2303 2253 2382 περὶ
2296 2299 2503 2382 χρόας,
2546 2302 2686 2382 περὶ
2729 2297 2941 2377 ὀδμῆς,

659 2425 800 2505 περὶ
841 2420 1086 2500 φύλλων
1129 2416 1195 2481 τὸ
1240 2428 1469 2498 κίτριον
1515 2465 1531 2480 .
1563 2465 1577 2480 .
1612 2466 1625 2479 .
1744 2418 2086 2503 Quoniam
2134 2420 2219 2486 de
2266 2420 2491 2486 colore
2538 2420 2693 2486 citri
2737 2440 2942 2504 supra
2983 2400 2988 2403 ⁴

659 2541 831 2608 nihil
860 2540 1249 2627 expositum
1294 2545 1420 2625 est,
1466 2542 1693 2605 totum
1724 2538 2182 2626 Theophrasti
2229 2541 2625 2626 exemplum
2671 2545 2744 2623 et
2788 2561 2942 2606 eam

661 2666 930 2748 partem
961 2662 1165 2727 huius
1196 2659 1615 2746 quaestionis
1660 2680 1726 2744 p.
1757 2659 1843 2726 84
1856 2660 1919 2744 d,
1966 2682 2103 2746 qua
2147 2666 2390 2727 contra
2420 2661 2738 2746 aspidum
2767 2682 2944 2728 mor-

660 2803 816 2853 sum
858 2781 1239 2849 remedium
1280 2780 1646 2847 inventum
1702 2801 1852 2847 esse
1908 2782 2040 2848 hoc
2097 2783 2355 2848 malum
2413 2782 2942 2864 demonstratur,

660 2904 1172 2989 contemplatus
1216 2924 1340 2988 pro
1386 2904 1574 2986 χρόας
1614 2902 2365 2983 substituendemesse
2412 2907 2582 2989 puto
2628 2911 2851 2987 χρείας.

835 3047 901 3112 p.
945 3023 1109 3092 84d.
1178 3010 1352 3099 οὖτος
1393 3023 1752 3089 κατεδίκασέ
1789 3050 1957 3116 τινας
2000 3030 2286 3105 γενέσθαι
2330 3030 2572 3109 θηρίων
2595 3024 2786 3108 βοράν
2822 3072 2839 3088 .
2873 3073 2886 3087 .
2935 3072 2948 3086 .

661 3152 764 3213 καὶ
807 3146 929 3211 ἔδει
973 3144 1189 3222 αὖτοῦς
1240 3148 1553 3221 ἀποσίτοις
1594 3145 1766 3232 ζῴοις
1812 3149 2326 3229 παραβληθῆναι.’
2393 3145 2601 3212 Haud
2656 3146 2796 3213 Soio
2852 3166 2937 3211 an

661 3267 1166 3335 Valckenarius
1209 3267 1576 3333 lectionem
1625 3265 1878 3334 codicis
1922 3265 2121 3331 ἅπασι
2163 3275 2286 3342 τοῖς
2332 3268 2529 3355 ξαίιοις
2570 3288 2711 3333 non
2755 3271 2942 3349 recte

665 3388 1164 3472 emendaverit,
1208 3410 1370 3454 nam
1415 3389 1548 3455 hac
1590 3388 1856 3455 ratione
1901 3388 2246 3454 sententia
2284 3388 2656 3473 posteriore
2701 3388 2944 3454 eadem

660 3510 807 3576 fere
854 3509 1361 3596 significantur,
1428 3530 1606 3595 quae
1651 3507 1871 3595 priore
1918 3515 2202 3587 γενέσθαι
2248 3515 2487 3593 θηρίων
2531 3509 2747 3592 βορὰν,
2812 3531 2941 3596 ego

662 3633 792 3698 sub
838 3631 944 3698 his
988 3630 1217 3697 verbis
1272 3650 1527 3696 nomen
1587 3630 1965 3696 bestiarum
2019 3628 2285 3695 illarum
2340 3631 2556 3697 latere
2607 3635 2799 3697 ratus
2846 3630 2941 3698 sic

662 3752 868 3818 scribi
911 3752 1175 3818 malim:
1238 3751 1358 3814 ἔδει
1410 3750 1632 3826 αὕτοῦς
1672 3752 1901 3815 ἀσπίσι
1944 3758 2066 3824 τοῖς
2112 3747 2311 3836 ζῴοις,
2366 3772 2544 3836 quae
2607 3752 2944 3837 scriptura

663 3894 805 3939 non
847 3872 1121 3959 longius
1169 3871 1379 3937 distat
1426 3892 1466 3936 a
1512 3870 1767 3937 codice.

835 3992 1118 4059 Ibidem.
1166 3996 1667 4076 παραβληθέντες
1697 4000 2018 4076 πελωρίοις
2052 3998 2153 4056 καὶ
2188 3993 2587 4076 ἀγριωτάτοις
2614 3994 2786 4080 ζρῖοις
2815 4003 2945 4070 ταῖς

665 4116 901 4177 ἀσπίσι.
966 4112 1056 4178 Κ.
1102 4113 1234 4179 hoc
1278 4112 1432 4179 loco
1476 4121 1607 4187 ταῖς
1652 4115 1873 4177 ἀσπίσι
1918 4113 2302 4180 tollendum
2348 4135 2498 4181 esse
2542 4121 2767 4201 putat,
2814 4137 2944 4202 ego

664 4233 877 4307 deleri
917 4233 1154 4299 malim
1200 4233 1701 4319 appositionem
1743 4240 1825 4300 ut
1870 4235 2253 4302 molestam.
2349 4234 2502 4302 Vox
2547 4240 2734 4312 ἀσπίς
2778 4237 2947 4323 legi-

663 4360 778 4420 tur
821 4376 888 4440 p.
934 4355 1106 4422 99b:
1149 4356 1452 4439 ἰοχέαιραν
1496 4355 1604 4434 τήν
1650 4356 1884 4420 ἀσπίδα
1928 4356 1996 4421 τὸ
2040 4357 2208 4444 ζῷον.
