3609 5234
1626 574 2057 642 -10-

873 747 1136 814 Ibidem
1181 747 1286 813 cd.
1374 751 1763 825 ἐγκληθέντες
1817 750 1870 810 οἱ
1922 754 2222 810 νεανίσκοι
2283 749 2369 810 ἔτι
2430 746 2790 822 ναυτιῶντες
2840 749 2987 811 οἷπε-

700 854 990 950 κρίναντο.
1044 867 1159 934 Ad
1180 866 1616 952 participium
1640 869 1993 942 ναυτιῶντες
2017 863 2193 931 adici
2216 856 2428 933 Velini
2448 867 2860 952 particulam
2881 857 2983 944 aig}

873 986 1042 1054 Ibid.
1090 1008 1148 1054 e.
1237 990 1527 1071 Σωτῆρας
1577 986 1743 1065 ὑμᾶς
1794 993 2122 1070 ἐπιφανεῖς.
2213 985 2455 1052 Lectio
2498 994 2811 1070 ἐπιφανεῖς
2863 1010 2985 1074 pro

702 1107 1027 1174 codicum«
1063 1108 1390 1190 ἐπιφανῶς,
1439 1127 1616 1191 quae
1645 1105 2010 1173 Meinekeo
2051 1107 2359 1189 debetur,
2383 1106 2716 1175 ‘firmatur
2755 1130 2988 1176 exem-

703 1229 839 1313 p10‚
871 1229 1069 1314 quod
1113 1228 1301 1313 apud
1344 1225 1721 1292 Diodorum
1749 1226 1873 1311 VI,
1904 1228 1946 1294 6
1990 1227 2367 1295 invenitur:
2414 1232 2591 1311 ἔσχον
2637 1229 2757 1313 (sc.
2795 1228 2987 1297 Λιὸσ-

702 1349 891 1434 κοροι)
964 1348 1145 1424 δόξαν
1218 1354 1533 1431 ἐπιφανεῖς
1603 1349 1822 1428 βοηθοὶ
1893 1356 2017 1424 τοῖς
2090 1347 2262 1434 παρὰ
2338 1350 2512 1430 λόγον
2584 1348 2989 1413 κινδυνεύουσι

700 1469 1029 1549 γινόμενοι.
1951 1456 1955 1460 ¹

877 1610 944 1675 p.
993 1590 1147 1657 380.
1223 1578 1399 1652 αὗται
1443 1591 1560 1670 (sc.
1598 1575 1798 1671 Ὧραι)
1845 1586 1959 1670 γὰρ
2001 1592 2104 1651 καὶ
2146 1587 2245 1652 τὸν
2288 1593 2391 1669 τῆς
2436 1592 2707 1669 ἀμπέλου
2751 1590 2986 1672 καρπόν

704 1717 1064 1795 ἐκτρέφουσι.
1152 1709 1263 1793 K„
1328 1706 1445 1775 cui'
1496 1715 1838 1791 ἐκτρέφουσι
1896 1713 2295 1793 suspectum
2358 1718 2483 1794 est,
2554 1712 3008 1779 scribendum

704 1852 852 1899 esse
898 1835 1138 1899 censet
1180 1838 1509 1913 ἐκφέρουσι,
1564 1828 1684 1894 sed
1736 1827 1870 1893 hoc
1915 1828 2082 1894 mihi
2126 1831 2353 1898 minus
2406 1835 2735 1917 probatur
2781 1854 2991 1919 quam

703 1952 871 2018 illud
938 1952 1189 2019 collato
1255 1951 1408 2017 loco
1474 1950 1545 2015 in
1609 1947 1936 2033 Xenoph.
2006 1947 2168 2017 Oec.
2241 1973 2298 2018 c.
2352 1953 2452 2036 17,
2514 1955 2595 2023 10
2661 1951 2729 2034 ἢν
2784 1962 2991 2033 μέντοι

702 2081 1002 2158 ἐκτρέφειν
1043 2072 1145 2162 ἐᾷς
1188 2070 1297 2150 τήν
1340 2073 1452 2151 γῆν
1499 2069 1604 2134 διὰ
1645 2076 1844 2144 τέλους
1887 2073 1953 2132 ‘to'
2004 2078 2251 2152 σπέρμα
2295 2073 2381 2146 εἷς
2408 2074 2672 2155 καρπόν·
2718 2073 2991 2156 χαλεπὸν

704 2198 778 2275 τῇ
819 2196 1085 2258 ἀσθενεῖ
1129 2193 1204 2275 γῇ
1257 2199 1317 2267 ἐς
1368 2197 1534 2265 τέλος
1590 2190 1778 2255 πολὺν
1828 2191 2062 2275 καρπὸν
2107 2198 2387 2276 ἐκφέρειν.
2481 2191 2732 2260 Confer
2779 2193 2991 2260 etiam

704 2314 1031 2382 Herodot.
1077 2314 1128 2398 Ι,
1181 2315 1324 2382 193.

877 2456 944 2520 p.
975 2413 1130 2500 Μ
1197 2433 1289 2498 διὸ
1341 2440 1443 2498 καὶ
1487 2441 1706 2509 θοίνας
1759 2437 1865 2495 καὶ
1935 2438 2195 2509 θαλείας
2246 2439 2349 2497 καὶ
2402 2440 2607 2512 μέθας
2662 2435 2994 2511 ὠνόμαζον.

703 2555 792 2624 Κ.
842 2554 1092 2622 collato
1134 2554 1487 2640 Hesychio
1533 2561 1739 2633 μέθας
1782 2557 1864 2620 ut
1907 2554 2211 2640 glossam
2256 2554 2536 2638 delevit,
2584 2556 2704 2621 sed
2750 2553 2990 2621 dubito

708 2696 797 2741 an
843 2680 1032 2742 recte
1079 2676 1473 2755 coniectum
1519 2697 1658 2742 non
1705 2675 1813 2742 sit.
1888 2673 2070 2741 Nam
2116 2674 2300 2759 quod
2337 2675 2732 2762 Hesychius
2778 2696 2991 2741 voces

705 2803 964 2871 θαλείας
1010 2800 1082 2862 et
1111 2803 1314 2875 μέθας
1352 2796 1536 2862 idem
1569 2795 1800 2862 valere
1833 2800 2052 2879 notat,
2097 2816 2239 2862 non
2272 2795 2437 2863 satis
2469 2816 2720 2861 causae
2754 2796 2993 2881 opinor

706 2921 842 2999 est,
891 2937 1012 2983 cur
1054 2922 1380 3002 putemus
1416 2914 1813 2983 -Seleucum
1859 2917 2290 3003 scriptorem,
2355 2916 2470 2982 illo
2516 2916 2689 2999 loc0,
2736 2915 2808 2982 in
2855 2936 2990 3001 quo

705 3038 1138 3124 potissimum
1184 3058 1309 3106 eae
1356 3057 1564 3103 voces
1597 3043 2109 3121 enumerantur,
2157 3057 2328 3123 quas
2359 3036 2692 3123 originem
2728 3036 2991 3121 cepisse

705 3165 909 3246 putat
956 3162 1043 3226 ab
1090 3159 1349 3226 eisdem
1402 3159 1607 3224 rebus
1664 3159 1905 3243 sacris,
1959 3158 2141 3224 hanc
2199 3158 2525 3225 omisisse.
2615 3156 2876 3223 Ibidem
2921 3155 2994 3222 in

708 3281 1082 3348 sententia:
1146 3281 1212 3342 τὰ
1280 3280 1344 3343 δὲ
1388 3281 1646 3358 μεθύειν
1700 3284 1881 3363 φησὶν
1919 3282 2311 3361 Ἀριστοτέλης
2371 3279 2436 3342 τὸ
2492 3278 2651 3358 μετὰ
2707 3278 2770 3342 τὸ
2817 3279 2994 3343 θύειν

709 3408 872 3492 αὐτῷ’
935 3406 1053 3489 (sc.
1122 3399 1295 3487 οἴνῳ)
1382 3404 1662 3484 χρῆσθαι
1743 3420 1902 3465 cum
1996 3398 2256 3477 Schw„
2303 3403 2463 3484 post
2536 3402 2746 3484 Ἄριστ.
2822 3399 2995 3465 desi-

708 3523 1091 3591 deraverim
1144 3520 1727 3606 praepositionem
1775 3516 1909 3598 διοὶ,
1964 3541 2128 3585 nam
2173 3541 2211 3586 e
2258 3520 2602 3604 superiore
2651 3519 2995 3586 sententia

708 3643 1167 3731 supplendum
1220 3647 1330 3709 est
1382 3641 1712 3720 ὠνόμαζον.
1757 3678 1843 3687 -
1886 3635 2202 3707 Alteram
2241 3640 2446 3707 huius
2490 3640 2682 3706 vocis
2728 3643 2997 3726 etymo-

707 3764 964 3851 logiam
1034 3764 1318 3830 exhibet
1367 3761 1795 3828 Athenaeus
1867 3783 1912 3847 p
1936 3813 1951 3827 .
2016 3760 2201 3828 3631)
2267 3762 2355 3835 εἰς
2420 3759 2496 3835 ὃς
2561 3758 2879 3847 (εὐωχίας)
2943 3761 3017 3841 δη

708 3883 1006 3960 συνιόντες
1065 3889 1121 3948 οἱ
1183 3885 1248 3948 τὸ
1292 3891 1467 3949 θεῖον
1521 3885 1816 3961 τιμῶντες
1880 3887 1982 3946 καὶ
2042 3883 2129 3956 εἷς
2190 3879 2557 3965 εὐφροσύνην
2614 3885 2723 3944 καὶ
2786 3879 2990 3945 ἄνεσιν

707 4002 924 4080 αὖτὀὐς
967 4011 1282 4084 μεθιέντες
1326 4004 1389 4070 τὸ
1433 4010 1545 4085 μὲν
1588 4003 1770 4068 ποτὸν
1815 4009 1982 4082 μέθυ
2026 4049 2043 4065 .
2077 4049 2093 4064 .
2123 4051 2138 4065 .
2169 4050 2187 4065 .
2233 3999 2695 4085 προσηγόρευον.

750 4198 755 4202 ,
880 4149 945 4213 p.
989 4126 1145 4194 440.
1189 4126 1290 4191 τὸν
1319 4125 1605 4210 δ’ἱδρῶτα
1636 4126 1834 4187 αὐταῖν
1865 4121 2103 4201 δυσιόδη
2131 4121 2322 4199 οὕτως
2364 4125 2540 4204 ἔχειν.
2607 4123 2742 4190 Pro
2771 4125 2994 4200 αὐτῶν,

708 4249 893 4334 quod
938 4248 1025 4314 K.
1074 4247 1351 4330 delevit,
1401 4245 1839 4312 scribendum
1884 4263 2033 4309 esse
2088 4246 2258 4327 puto
2304 4242 2550 4337 azimos-5
2594 4282 2679 4292 -—
2724 4244 2988 4310 Ibidem

705 4391 828 4455 pro
875 4369 940 4434 ὃν
983 4373 1126 4452 ἐβίω
1171 4370 1385 4452 χρόνοι·
1431 4367 1667 4432 malim
1711 4365 1779 4429 ὃν
1823 4365 2029 4448 διεβίω
2077 4365 2308 4448 χρόνον.
