3609 5234
934 529 960 563 0

1535 604 1621 614 -.
1709 569 1794 635 25
1883 609 1969 618 .-

614 741 1093 807 narrationem·
1124 740 1558 827 perlegentes
1614 741 1940 825 quoniam
1985 741 2300 807 videmus
2346 740 2775 809 Gallixenum
2819 743 2890 808 in

613 862 878 947 pompis
909 861 1193 948 singulis
1224 862 1705 928 enumerandis
1737 862 1841 928 uti
1871 862 2119 945 verbis,
2151 862 2398 948 quibus
2429 864 2535 930 vis
2566 863 2891 931 movendi

614 983 812 1066 inest,
867 984 1296 1068 verbumque
1339 973 1490 1060 ἦσαν
1536 982 1846 1048 subiecto
1892 984 2189 1059 Αἰθίοπες
2234 984 2568 1067 δωροφόροι
2613 984 2893 1050 minime

616 1090 1213 1170 aooommodatum
1257 1123 1426 1186 esse,
1484 1102 1768 1168 dubium
1813 1103 1980 1169 mihi
2024 1124 2163 1170 non
2207 1105 2503 1189 videtur,
2560 1106 2725 1191 quin
2769 1116 2891 1191 pro

613 1217 762 1302 ἦσαν
817 1223 1253 1291 scribendum
1296 1224 1386 1290 sit
1426 1222 1630 1307 ᾔεσαν.
1721 1222 1972 1291 Confer
2018 1227 2230 1292 etiam
2284 1248 2349 1311 p.
2401 1227 2574 1295 199e
2618 1227 2892 1310 ἐχόμενοι

616 1347 837 1411 τούτων
882 1345 1221 1424 ἐπόμπευον
1267 1350 1320 1408 οἱ
1351 1391 1366 1407 .
1399 1393 1413 1409 .
1449 1393 1463 1409 .
1513 1353 1806 1429 φέροντες.

784 1466 1047 1534 Ibidem
1094 1487 1152 1532 Ο.
1216 1466 1504 1541 Διόνυσος
1532 1471 1673 1549 περὶ
1712 1466 1815 1533 τὸν
1845 1471 1948 1545 τῆς
1972 1467 2131 1543 Ῥέας
2168 1466 2375 1551 βωμὸν
2408 1466 2894 1551 καταπεφευγώς.

613 1588 1037 1675 Praepositio
1083 1595 1182 1651 ἐπὶ
1234 1608 1357 1673 pro
1410 1594 1553 1669 περὶ
1608 1588 2092 1654 substituenda
2147 1594 2273 1672 est,
2335 1588 2520 1654 idem
2565 1588 2894 1654 mendum

615 1709 850 1775 inveni
910 1708 1121 1775 etiam
1182 1729 1248 1793 p.
1297 1707 1477 1773 178b
1541 1708 1626 1784 ὥς
1684 1700 1877 1787 ἢλθεν
1940 1715 2039 1773 ἐπὶ
2091 1708 2192 1773 τὸν
2242 1710 2476 1787 Κήυκος
2536 1706 2716 1788 οἷκον,
2776 1707 2895 1773 ubi

614 1831 866 1917 legitur
907 1830 977 1895 in
1024 1829 1260 1896 oodioe
1290 1830 1385 1896 A:
1432 1835 1571 1912 περὶ
1615 1830 1712 1894 τὸν
1742 1836 1837 1913 K„
1885 1831 2095 1896 etiam
2136 1852 2201 1915 p.
2238 1831 2319 1897 19
2349 1830 2419 1896 in
2451 1831 2665 1896 verbo
2712 1850 2897 1895 eom·—

615 1951 837 2037 posito
899 1952 1032 2017 hae
1093 1942 1631 2036 praepositiones
1693 1951 1871 2017 inter
1926 1972 1998 2017 se
2062 1952 2606 2018 confunduntur:
2682 1954 2769 2033 ἐφ’
2826 1942 2898 2029 ιῗς

616 2080 1074 2155 ἐπιγέγραπται,
1163 2092 1284 2156 pro
1359 2093 1495 2157 quo
1583 2073 1801 2139 codex
1879 2072 2212 2157 epitomes
2290 2072 2349 2138 E
2429 2080 2897 2157 περιγέγραπται

617 2193 917 2265 exhibet.
1585 2208 1590 2214 ’
2698 2275 2704 2279 ι

790 2315 1053 2382 Ibidem
1083 2316 1130 2382 f.
1197 2319 1438 2379 πολλῶν
1477 2306 1579 2378 οὖν
1617 2320 1720 2378 καὶ
1761 2321 2056 2378 ποικίλων
2086 2316 2411 2398 εἰρημένων
2457 2321 2516 2378 ἐν
2561 2321 2692 2389 ταῖς
2737 2338 2897 2391 πομ-

619 2445 765 2512 παῖς
808 2438 1053 2513 ταύταις
1103 2437 1262 2516 μὸνα
1314 2436 1745 2514 ἐξελεξάμεθα.
1836 2435 2148 2501 Verbum
2203 2435 2528 2516 εἰρημένων
2574 2439 2646 2499 et
2689 2432 2777 2498 K.
2826 2437 2897 2499 et

619 2557 892 2624 Wilam.
943 2562 1366 2644 suspectant,
1415 2576 1705 2642 quorum
1748 2557 1863 2623 ille
1909 2564 2306 2642 παρηγμένων
2353 2553 2608 2640 (potius
2656 2579 2898 2636 περιηγ-

615 2687 814 2757 μένων
858 2684 938 2745 ut
980 2700 1046 2764 p.
1093 2677 1305 2762 200b)
1352 2678 1465 2745 hio
1510 2679 1847 2763 εὑρημένων
1896 2677 2149 2744 conicit
2161 2700 2177 2761 ;
2234 2676 2354 2742 sed
2398 2678 2691 2742 verbum
2745 2677 2898 2759 εἰρη·

617 2806 814 2875 μένων
851 2799 1189 2864 tuendum
1220 2819 1369 2866 esse
1399 2804 1588 2885 puto.
1664 2798 1843 2888 Sunt
1885 2799 2067 2865 enim
2096 2799 2270 2864 haec
2308 2797 2520 2881 ipsius
2549 2796 2898 2863 Athenaei

617 2922 863 3004 verba,
928 2941 1135 3006 quem
1189 2922 1399 2987 etiam
1455 2921 1604 2987 aliis
1664 2919 1833 2986 loeis
1890 2919 2353 2985 narrationem
2404 2918 2899 3004 interrumpere

618 3041 954 3125 videmuS‚
999 3062 1140 3108 non
1168 3042 1518 3108 Kallixeni
1529 3064 1546 3125 3
1595 3041 1896 3126 suppleri
1940 3040 2155 3126 possit
2201 3043 2365 3105 ante
2410 3042 2734 3120 εἰρημένων
2778 3061 2902 3105 no-

617 3183 778 3228 men
824 3167 1211 3250 Καλλιξείνῳ.
1303 3161 1553 3230 Confer
1596 3183 1662 3248 p.
1709 3163 1896 3229 2001)
1943 3166 2014 3228 et
2057 3162 2180 3228 201
2195 3162 2260 3226 b.

789 3306 855 3370 p.
901 3282 1104 3350 203b.
1194 3293 1360 3362 ποία,
1422 3283 1636 3366 ἄνδρες
1695 3282 2068 3363 δαιτυμόνες,
2130 3287 2412 3365 βασιλεία
2464 3282 2651 3355 οὕτως
2704 3289 2899 3362 γέγονε

619 3404 1012 3487 πολύχρυσος.
1100 3405 1233 3472 Pro
1288 3405 1716 3472 nominativo
1762 3412 1913 3467 ποία
1969 3404 2285 3469 dativum
2331 3411 2477 3494 ποίᾳ
2530 3403 2902 3495 substitue-

620 3525 766 3607 rim‚
832 3525 1067 3592 confer
1129 3525 1558 3593 Herodotum
1610 3526 1661 3593 Ῑ.
1708 3526 1799 3593 30
1861 3532 1992 3609 κοίῃ
2051 3525 2123 3596 δή
2187 3535 2409 3609 κρίνεις
2468 3531 2695 3590 Τέλλον
2747 3522 2899 3589 εἶναι

622 3647 984 3730 ὀλβιώτατον
1030 3652 1100 3713 et
1129 3646 1480 3731 Aristoph.
1528 3668 1639 3712 av.
1684 3645 1857 3713 1219
1899 3656 2047 3738 ποία
2089 3645 2204 3728 γὰρ
2249 3643 2399 3729 ἄλλῃ
2443 3645 2559 3730 χρῆ
2607 3652 2901 3712 πέτεσθαι

620 3767 752 3844 τους
796 3770 979 3843 θεούς
1020 3806 1126 3834 —-.
1189 3767 1478 3834 Ibidem:
1526 3768 1858 3831 Πακτωλὸν
1902 3771 2119 3849 ἔχουσα
2164 3771 2419 3848 χρυσοῦν
2465 3771 2680 3847 ψῆγμα
2724 3792 2903 3830 κατα-

621 3894 889 3971 φέροντα.
958 3888 1092 3956 Pro
1115 3893 1374 3971 χρυσοῦν
1400 3888 1638 3955 malim
1660 3892 1888 3970 χρυσοῦ
1917 3886 2325 3976 genitivum,
2359 3886 2595 3953 confer
2624 3907 2689 3971 p.
2714 3887 2900 3954 233d

624 4008 912 4091 ψήγματα
955 4014 1182 4095 χρυσοῦ
1222 4018 1541 4094 καταφέρει
1583 4015 1654 4075 et
1699 4007 1924 4076 Strab.
1956 4008 2071 4075 III.
2117 4006 2238 4073 147
2287 4015 2348 4072 ἐν
2392 4008 2454 4073 δὲ
2498 4015 2623 4085 τοῖς
2666 4009 2903 4072 ἐπικλύ-

623 4153 784 4206 στοις
828 4132 1181 4210 ἀπολάμπει
1227 4131 1291 4195 τὸ
1339 4133 1447 4194 τοῦ
1489 4131 1715 4212 χρυσοῦ
1759 4134 1996 4210 ψῆγμα.
2417 4142 2426 4149 “

796 4248 1057 4316 Ibidem
1104 4271 1162 4316 Ο.
1252 4257 1353 4314 καὶ
1396 4257 1535 4334 περὶ
1588 4249 1787 4316 πάντα
1832 4251 2189 4316 ἐσπουδάκει
2244 4250 2320 4315 τοὶ
2361 4249 2903 4326 κατασκευάσματα

623 4377 977 4456 φιλοτίμως,
1037 4369 1189 4436 ὥστε
1235 4376 1337 4434 καὶ
1380 4376 1609 4437 πλοίων
1657 4374 1893 4452 πλήθει
1947 4372 2175 4439 πάντας
2225 4372 2645 4454 ὑπερέβαλλεν.
2734 4370 2904 4436 Post
