3609 5234
1606 570 1997 677 ,·-6··-

836 741 1099 808 Ibidem
1143 741 1190 809 f.
1244 747 1348 807 καὶ
1385 746 1777 829 Ἀριστοτέλης
1819 741 2175 825 βασιλικοῦς
2218 742 2436 822 νόμους
2478 746 2717 827 ἔγραψε.
2807 744 2946 811 Pro

661 862 1011 945 βασιλικοὺς
1057 891 1104 927 ν.
1160 864 1451 930 fortasse
1507 863 1946 930 scribendum
2000 868 2107 930 est
2150 866 2523 941 συσσιτικούς
2566 894 2640 945 v..
2706 868 2948 936 confer

664 1003 728 1068 p.
773 985 959 1051 585b
1009 983 1144 1063 ἥτις
1187 990 1287 1049 καὶ
1339 984 1520 1066 νόμον
1572 983 1915 1050 συσσιτικὸν
1959 993 2342 1070 συνέγραψεν,
2392 1035 2406 1050 .
2443 1035 2459 1050 .
2492 1034 2507 1050 .
2571 986 2723 1051 κατά
2771 989 2942 1066 ζῆλον

661 1106 782 1168 τῶν
826 1107 900 1170 τοὶ
943 1108 1184 1171 τοιαῦτα
1229 1110 1688 1184 συνταξαμένων
1730 1104 2095 1188 φιλοσόφων.

832 1248 897 1313 p.
945 1229 1056 1295 ὅθ.
1118 1227 1286 1305 ὅπως
1328 1228 1600 1307 δηλονότι
1644 1232 1706 1290 ἐν
1749 1233 1873 1302 τοῖς
1915 1232 2173 1309 θερμοῖς
2202 1228 2548 1308 δυσκίνητος
2581 1218 2639 1310 ᾗ.
2699 1227 2787 1294 Κ.
2817 1248 2946 1313 pro

661 1349 1008 1429 δυσκίνητος
1055 1347 1380 1416 substitui
1435 1346 1591 1412 vult
1633 1346 2009 1425 δυσνίκητος,
2063 1348 2247 1433 quod
2299 1347 2723 1414 adiectivum
2774 1346 2942 1413 mihi
3016 1411 3021 1415 ,

660 1469 886 1537 minus
931 1469 1261 1555 probatur
1307 1487 1516 1552 quam
1560 1451 1748 1533 illud.
1838 1466 1994 1554 Ego
2040 1468 2291 1535 collato
2335 1468 2487 1535 loco
2531 1468 2603 1533 in
2631 1466 2947 1535 Platonis

659 1611 731 1656 re
775 1590 963 1676 publ.
1009 1589 1052 1655 6
1095 1608 1161 1673 p.
1193 1588 1322 1654 503
1365 1587 1428 1653 D
1475 1595 1535 1651 ἐν
1579 1592 1668 1675 τῷ
1693 1594 1938 1676 πολέμῳ
1985 1587 2141 1674 πρὸς
2182 1590 2319 1665 τούς
2361 1588 2585 1673 φόβους
2619 1586 2941 1668 δυσκίνητα

659 1708 802 1772 ὄντα
838 1707 1217 1780 lectionem
1260 1708 1519 1774 servari
1563 1729 1765 1794 posse
1814 1708 2121 1775 arbitror.

830 1850 896 1915 p.
946 1830 1061 1896 7b.
1109 1831 1178 1892 αἳ
1203 1836 1464 1910 γίνονται
1494 1829 1712 1893 αὐτόθι
1740 1829 1893 1913 ὖπέρ
1922 1853 1988 1911 γε
2019 1829 2128 1906 τοὶς
2159 1835 2220 1892 ἐν
2251 1827 2501 1912 Σμύρνῃ
2529 1836 2808 1910 μέγισται
2834 1869 2939 1890 —-.

658 1950 744 2016 Κ.
791 1951 863 2017 in
893 1949 1118 2017 medio
1149 1949 1491 2035 relinquit,
1522 1957 1755 2016 utrum
1783 1960 2073 2031 μεγίστας
2101 1970 2192 2016 an
2222 1947 2481 2031 μεγάλαι
2506 1950 2942 2016 scribendum

660 2073 769 2157 sit,
814 2093 946 2159 ego
991 2071 1373 2138 secundum
1413 2070 1644 2138 locum
1687 2070 2039 2136 Athenaei
2083 2091 2146 2156 p.
2202 2068 2376 2137 398f
2411 2069 2476 2133 τὸ
2524 2076 2634 2150 μὲν
2678 2077 2943 2152 μέγεθος

657 2194 806 2278 ὑπὲρ
852 2188 1215 2273 ἀλεκτρῦονα
1258 2189 1357 2254 τὸν
1401 2199 1680 2271 μέγιστον
1722 2188 1959 2257 malim
2007 2189 2208 2256 scribi
2251 2197 2566 2269 μεγίστας.“

831 2333 900 2398 p.
943 2313 1061 2379 9b.
1109 2311 1399 2394 ὁσιωτέρα
1430 2307 1544 2391 γὰρ
1589 2307 1738 2387 αῧτη
1783 2309 1818 2387 ἤ
1865 2316 2056 2374 θυσία
2101 2317 2275 2386 θεοῖς
2315 2315 2418 2374 καὶ
2464 2318 2943 2394 προσφιλεστέρα

657 2434 692 2511 ἦ
746 2433 851 2498 διὰ
904 2437 1023 2497 τῶν
1077 2435 1332 2497 οἰκείων.
1422 2429 1788 2499 Obiecium
1851 2436 2024 2506 θεοῖς
2082 2430 2271 2498 haud
2334 2431 2473 2498 scio
2537 2453 2627 2498 an
2689 2432 2940 2499 rectius

660 2554 1120 2641 coniungatur
1165 2573 1325 2620 cum
1371 2553 1587 2619 altero
1648 2550 1995 2617 adiectivo
2039 2557 2517 2636 προσφιλεστέρα
2580 2557 2652 2618 et
2712 2557 2934 2621 trans-

657 2680 955 2761 ponatur
1014 2679 1169 2760 post
1230 2674 1641 2760 particulam
1685 2679 1803 2737 καὶ.
1850 2712 1936 2720 -
1982 2672 2233 2741 Similis
2292 2673 2640 2741 sententia
2682 2664 2941 2759 legitur

658 2817 724 2882 p.
770 2794 901 2863 674
911 2817 970 2862 e.

831 2936 897 3001 p.
950 2917 1102 2983 lOc.
1168 2914 1274 2979 τὸν
1320 2914 1559 3011 .γανδὸν
1603 2915 1846 2979 ἕλκοντα
1901 2915 2081 2980 αὐτὸν
2125 2917 2540 2998 βλάπτεσθαι.
2630 2913 2944 2980 Verbum

657 3036 933 3115 ἕλκοντα,
978 3057 1100 3122 pro
1149 3056 1284 3122 quo
1329 3036 1676 3104 Brunkius
1731 3037 1985 3105 collato
2029 3036 2310 3103 Homeri
2364 3056 2572 3103 versu
2616 3063 2661 3115 φ
2706 3033 2837 3100 294
2880 3032 2947 3109 ὃς

661 3156 735 3222 ἄν
779 3183 887 3235 μιν
926 3155 1150 3240 χανδὸν
1192 3156 1294 3238 ἕλῃ
1322 3160 1766 3243 probabiliter
1791 3158 1997 3222 ἑλόντα
2028 3157 2343 3239 coniecit,
2381 3156 2828 3222 Athenaeum
2871 3155 2944 3221 in

661 3282 935 3344 textum
970 3277 1318 3344 induxisse
1353 3279 1659 3364 suspicor
1688 3277 2059 3364 repetitum
2106 3298 2192 3344 ex
2231 3277 2508 3344 comicis
2538 3276 2782 3363 poetis,
2827 3276 2945 3361 qui

662 3399 794 3466 hoc
867 3402 1079 3467 verbo
1146 3400 1543 3485 frequenter
1608 3401 2002 3465 utebantur.
2116 3398 2455 3485 Exempla
2526 3399 2943 3466 comicorum

662 3520 847 3605 apud
887 3518 1335 3585 Athenaeum
1379 3519 1539 3586 vide
1582 3541 1649 3606 p.
1681 3519 1885 3602 2213,
1929 3516 2079 3602 446,
2126 3519 2345 3604 459b3
2393 3519 2764 3588 Clearchus
2809 3520 2945 3585 hoc

662 3640 877 3704 Verbo
921 3657 1087 3704 usus
1133 3642 1241 3704 esf,
1282 3660 1348 3724 p.
1380 3639 1565 3706 687b
1599 3641 1950 3725 Παρράσιος
1995 3689 2010 3704 .
2044 3688 2060 3704 .
2092 3689 2107 3704 .
2153 3641 2216 3706 τὸ
2253 3642 2573 3721 λεγόμενον
2604 3645 2944 3723 ἐλευθέριον

663 3765 727 3826 ἐκ
773 3761 1042 3844 ῥαβδίων
1085 3759 1356 3834 ἑλκύσας.

784 3942 797 3949 -
837 3901 903 3966 p.
956 3881 1113 3947 llb.
1187 3884 1446 3965 ἐχρῶντο
1507 3886 1561 3946 οἱ
1626 3880 1817 3967 ἥρωες
1880 3884 2038 3967 παρ’·
2080 3882 2322 3969 Ὁμήρῳ
2386 3882 2629 3966 πρῶτον
2688 3884 2800 3959 μὲν
2863 3883 2950 3968 τῷ·

664 3996 1037 4090 καλουμένῳ
1075 4006 1504 4087 ἀκρατίσματι,
1567 4001 1603 4064 ὃ
1642 4008 1797 4082 λέγει
1860 4001 2121 4085 ἄριστον.
2209 4004 2400 4069 Ante
2443 4008 2577 4066 καλ.
2625 4001 2947 4087 supplen-

666 4124 831 4190 dum
874 4126 1148 4201 θὲῒινῦν,
1194 4123 1432 4190 confer
1472 4122 1650 4188 infra
1695 4143 1734 4188 ο
1777 4122 1814 4185 δ’
1854 4124 2028 4204 ἡμεῖς
2070 4123 2443 4205 ἀκρατισμὸν
2484 4123 2802 4202 καλοῦμεν.

836 4265 902 4330 Ρ.
956 4242 1108 4311 140.
1155 4247 1284 4309 ἀλλ’
1333 4247 1690 4327 ἀποτρέπων
1734 4243 1950 4320 αὐτους
1991 4243 2367 4327 παρανόμων
2410 4248 2616 4328 ἔργων.
2706 4243 2794 4310 Κ.
2839 4244 2946 4310 fu-

667 4368 903 4431 turum
949 4366 1317 4450 ἀποτρέψων
1353 4363 1664 4450 requirit,
1728 4364 1851 4430 sed
1893 4385 2218 4450 praesens
2265 4365 2523 4435 servari
2576 4385 2777 4451 posse
2840 4386 2945 4431 ar-
