3609 5234
1576 568 1958 634 ..9-

805 739 1086 807 Ibidem.
1175 740 1205 801 ὅ
1266 739 1331 804 δὲ
1384 740 1733 819 Ζακύνθιος
1792 744 1896 804 καὶ
1956 741 1988 804 ὃ
2031 742 2371 816 Λευκάδιος
2433 741 2536 805 διὰ
2599 740 2666 804 τὸ
2727 740 2917 821 γύψον

631 866 837 947 ᾒαβεῖν
879 867 981 926 καὶ
1023 861 1283 941 κεφαλὴν
1327 862 1652 927 ἀδικοῦσιν.
1740 862 1868 946 Ea,
1915 884 2092 948 quae
2143 863 2588 950 praecedunt,
2642 863 2917 939 intuens

636 987 801 1048 ante
846 981 1108 1066 κεφαλὴν
1154 982 1564 1067 particulam
1609 987 1711 1047 καὶ
1756 981 2123 1048 delendam
2169 1004 2320 1050 esse
2367 984 2673 1052 arbitror.

804 1142 870 1206 p.
918 1120 1073 1188 340.
1144 1119 1246 1185 καὶ
1288 1121 1352 1185 τὸ
1399 1118 1570 1204 παρὰ
1607 1119 1815 1197 μόνοις
1845 1119 2048 1193 ἀὐτοῖς
2075 1118 2164 1194 ὥς
2191 1119 2451 1201 νόμιμον
2483 1129 2543 1185 ἐν
2584 1129 2708 1196 τοῖς·
2746 1122 2919 1186 decu.

632 1267 757 1317 νοις
784 1241 902 1325 πρὸ
932 1244 1174 1307 πάντων
1205 1242 1552 1322 ἐδεσμάτων
1580 1242 1859 1326 κράμβας
1904 1243 2114 1305 ἔσθειν
2149 1239 2353 1319 ἑφθὰς
2388 1250 2569 1325 μέχρι
2598 1243 2700 1305 τοῦ
2740 1220 2916 1323 δεῦρο

632 1363 1220 1446 παρασκευάζεσθαι.
1310 1362 1398 1428 Κ.
1445 1366 1652 1428 ἔσθειν
1696 1367 1776 1428 ut
1835 1360 2373 1447 dittographiam
2426 1366 2627 1428 textu
2674 1362 2914 1445 movit,

631 1482 756 1549 Sed
806 1487 1086 1568 propter
1137 1483 1252 1566 πρὸ
1296 1488 1541 1548 πάντων
1596 1484 1944 1561 ἐδεσμάτων
1998 1485 2289 1549 Verbum
2344 1468 2916 1565 παρασκευάζεσθαι

632 1603 802 1670 mihi
848 1605 1164 1672 sufficere
1202 1614 1342 1673 non
1394 1607 1688 1673 videtur.
1762 1603 1838 1681 Si
1884 1626 2005 1691 pro
2050 1603 2622 1687 παρασκευάζεσθαι
2669 1603 2917 1669 substi-

634 1723 845 1792 tuetis
891 1733 1500 1812 προπαρατίθεσθαι,
1549 1726 1733 1812 quod
1777 1747 1842 1811 p.
1868 1727 2004 1793 530
2049 1724 2321 1811 legitur,
2369 1725 2660 1790 verbum
2707 1722 2917 1790 ἔσθειν

632 1844 859 1911 omitti
902 1845 1135 1929 possit.
1227 1845 1548 1914 Ceterum
1593 1844 1844 1928 Sehw„
1892 1845 2010 1932 qui
2052 1849 2209 1930 post
2252 1844 2456 1928 ἑφθὰς
2506 1844 2916 1930 particulam

631 1969 733 2031 καὶ
776 1964 1057 2049 recepit,
1103 1986 1242 2031 non
1287 1965 1823 2051 improbabiliter
1869 1966 2242 2033 coniecisse
2287 1965 2582 2033 videtur.

1139 2679 1579 2778 Liber
1652 2679 2401 2778 secundus,

804 2935 871 3000 p.
918 2914 1075 2980 36d.
1170 2914 1249 2980 In
1294 2937 1501 2983 versu
1545 2915 1912 3002 Panyasis:
1961 2918 2023 2979 εἴ
2057 2942 2147 2992 τις
2189 2915 2291 2978 τόν
2336 2939 2400 2995 γε
2445 2924 2578 2978 πίοι
2622 2920 2724 2978 καὶ
2769 2913 2919 2977 ἀπό-

629 3058 850 3118 τροπος
894 3033 1084 3097 οἴκαδ’
1128 3035 1393 3098 ἀπέλθοι
1437 3056 1558 3120 pro
1604 3036 1947 3118 ἀπότροπος
1989 3035 2280 3103 fortasse
2328 3036 2766 3103 scribendum
2810 3040 2915 3102 est

630 3154 994 3241 ὑπότροπος,
1057 3156 1241 3240 quod
1304 3156 1515 3222 etiam
1577 3157 1763 3242 apud
1824 3156 2203 3224 Homerum
2257 3157 2328 3223 in
2384 3154 2630 3242 Odyss.
2695 3182 2739 3238 φ
2786 3156 2908 3222 211

629 3276 909 3364 legitur:
972 3280 1297 3357 εὐξαμένου
1361 3283 1463 3355 ἐμὲ
1518 3268 1690 3351 ming
1732 3277 2081 3362 ὖπότροπον
2145 3276 2333 3342 οἴκαδ’
2396 3280 2640 3340 ἱκέσθαι
2703 3275 2915 3342 idem-

629 3417 766 3482 que
815 3416 860 3478 ψ
905 3397 1010 3464 35.
1366 3470 1405 3492 st

802 3556 868 3620 p.
917 3536 1076 3601 37b.
1167 3540 1704 3617 ἐκθερμανθέντας
1763 3537 1882 3600 ὑπὸ
1943 3539 2047 3617 τῆς
2106 3542 2326 3615 μέθης.
2419 3535 2636 3602 Recte
2686 3533 2911 3602 SOhW.

630 3678 753 3743 pro
800 3657 1116 3724 codicum
1160 3655 1457 3723 lectione
1501 3656 1646 3732 ἀπὸ,
1692 3677 1902 3741 quam
1933 3655 2256 3725 Ohlertus
2305 3656 2585 3741 quidam
2623 3656 2694 3721 in
2734 3656 2912 3723 Berl.

632 3777 863 3862 philol.
890 3777 1452 3844 Woohensohrift
1483 3777 1654 3844 1888
1685 3777 1954 3843 restitui
1983 3777 2158 3861 vult,
2203 3777 2327 3842 ὑπὸ
2375 3776 2689 3859 coniecit,
2736 3797 2913 3862 quae

633 3899 1026 3965 emendatio
1073 3919 1233 3965 oum
1279 3897 1512 3964 multis
1559 3898 1707 3964 aliis
1755 3899 2087 3984 exemplis
2140 3899 2395 3965 firmari
2449 3903 2699 3984 potest,
2763 3902 2915 3964 tum

632 4018 758 4102 his,
806 4041 983 4105 quae
1029 4020 1214 4105 apud
1243 4017 1689 4084 Athenaeum
1732 4017 1997 4084 inveni:
2046 4040 2111 4104 p.
2144 4018 2284 4086 341>
2329 4020 2429 4082 ὑπ’
2476 4022 2638 4082 οἴνου
2681 4018 2915 4096 μεθυσ-

631 4146 864 4219 θέντες,
923 4161 989 4225 p.
1036 4141 1167 4208 380
1214 4139 1332 4203 ὑπὸ
1388 4143 1493 4203 τοῦ
1543 4135 1802 4222 ἀκράτου
1857 4147 2331 4218 καμπτομένους,
2394 4159 2460 4224 p.
2514 4139 2691 4206 1301]
2737 4163 2914 4224 καρη-

630 4263 958 4344 βαροῦντες
998 4259 1115 4324 ὖπό
1155 4261 1256 4340 τῆς
1298 4267 1501 4339 μέθης
1544 4259 1757 4346 (apud
1785 4259 2256 4326 Herodianum
2294 4258 2547 4345 legitur
2587 4259 2670 4342 II,
2706 4260 2736 4325 1
2782 4259 2909 4322 ἀπὸ

628 4389 831 4462 μέθης
875 4380 1310 4466 ἐκραιποῖλων),
1353 4401 1420 4465 p.
1466 4381 1670 4463 5llb,
1716 4400 1781 4464 p.
1830 4380 2035 4446 5226..
