3609 5234
788 758 1061 831 lbidem
1108 764 1171 830 d.
1238 766 1400 827 οἴνου
1445 764 1511 829 δὲ
1556 768 1658 827 καὶ
1702 766 1824 827 τῶν
1869 761 2073 827 ἄλλων
2121 761 2368 827 πάντων
2418 765 2698 845 ἀπείχετο
2751 760 2908 839 πλῆν

625 885 854 960 ὕδατος.
929 884 1017 950 Κ.
1068 884 1269 951 scribi
1312 885 1469 950 vult
1516 886 1716 948 ποτ’ὤν
1760 883 2030 961 πάντων,
2077 902 2209 969 ego
2238 881 2482 946 πάντων
2512 886 2910 967 corruptum

628 1026 777 1072 esse
809 1005 1114 1090 suspicor
1159 1026 1246 1071 ex
1292 1009 1518 1084 ποτῶν,
1561 1005 1661 1070 ita
1704 1003 2188 1090 utlegendum
2234 1003 2350 1069 sit:
2395 1008 2495 1066 καὶ
2539 1007 2663 1067 τῶν
2706 1001 2908 1067 ἄλλων

629 1131 854 1207 ποτῶν,
900 1127 1144 1191 πάντων
1187 1130 1466 1211 propter
1509 1124 1668 1204 πλὴν
1714 1124 1930 1200 ἷῖδατος
1973 1125 2043 1190 in
2087 1125 2220 1190 hac
2253 1125 2598 1192 sententia
2627 1124 2909 1192 minime

628 1247 1010 1333 requiritur.

795 1368 1058 1435 Ibidem
1103 1367 1150 1433 f.
1214 1367 1252 1429 δ’
1296 1373 1406 1446 μὲν
1444 1365 1562 1447 γὰρ
1606 1365 1961 1447 ὑδροποτῶν
2004 1371 2108 1429 καὶ
2152 1369 2467 1450 μεριμνῶν
2517 1365 2624 1442 τοῖς
2676 1368 2909 1442 νύκτας.

627 1490 715 1556 Κ.
763 1494 1041 1575 propter
1100 1488 1498 1573 insequens,
1544 1492 1624 1552 ut
1686 1485 1852 1552 mihi
1908 1484 2186 1571 quidem
2237 1484 2541 1571 videtur,
2601 1484 2757 1549 κατὰ
2804 1488 2910 1563 τήν

633 1611 858 1695 ἡμέραν
900 1610 1151 1688 ἑκάστην
1198 1608 1541 1676 desiderat
1585 1607 1674 1673 ad
1719 1609 1931 1679 νύκτας
1981 1626 2230 1672 Vocem
2273 1607 2475 1683 ποῖσας
2506 1655 2520 1669 .
2554 1607 2676 1673 sed
2719 1606 2911 1673 nullo

630 1730 1124 1797 addidamento
1164 1750 1336 1815 opus
1368 1731 1493 1812 est,
1540 1729 1777 1795 confer
1820 1750 1886 1814 p.
1919 1728 2047 1794 207
2095 1732 2561 1813 προσκαρτερῶν
2590 1734 2693 1792 καὶ
2733 1727 2911 1803 αὐτὸς

630 1851 736 1927 τὰς
779 1851 1024 1936 ἡμέρας.
1111 1850 1523 1917 Pronomine
1568 1851 1821 1928 ἑκάστην
1866 1850 1972 1915 vis
2018 1848 2379 1915 antithesis
2425 1855 2739 1937 augetur.

802 1993 868 2057 p.
914 1969 1074 2037 45d.
1147 1968 1236 2033 ὅτι
1280 1976 1406 2045 τοῖς
1448 1981 1842 2051 προπίνουσιν
1886 1978 2325 2050 ἐπιτεταμένως
2369 1972 2475 2032 οὐκ
2518 1969 2752 2042 οἰκείως
2780 1968 2911 2032 δια-

630 2099 870 2157 τίθεται
917 2092 947 2154 ὅ
994 2087 1315 2173 στόμαχος,
1362 2091 1517 2154 ἀλλά
1563 2093 1794 2168 μᾶλλον
1847 2095 2131 2156 κακοῦται
2183 2095 2284 2154 καὶ
2329 2090 2620 2163 πολλάκις
2663 2088 2909 2173 φθορὰν

629 2216 748 2277 τῶν
814 2218 1169 2296 ληφθέντων
1243 2210 1701 2296 παρασκευάζει.
1834 2212 1966 2278 Pro
2034 2214 2268 2288 οἰκείως
2349 2211 2601 2299 legitur
2665 2232 2730 2296 p.
2789 2209 2918 2277 79f

631 2336 909 2410 ἀστείωςε
952 2333 1023 2397 τοὶ
1068 2331 1184 2415 γὰρ
1231 2336 1385 2396 σῦκα
1430 2336 1534 2396 οὐκ
1578 2336 1835 2409 ἀστείως
1880 2332 2200 2413 διατίθησι
2244 2334 2347 2397 τὸν
2377 2338 2699 2414 στόμαχον.
2775 2331 2910 2397 Pro

631 2453 876 2537 φθορὰν
920 2453 1006 2519 Κ.
1056 2451 1311 2519 rectius
1363 2452 1563 2520 scribi
1615 2457 1820 2538 putat
1871 2454 2136 2538 φθορὰς,
2192 2454 2376 2539 quod
2421 2453 2631 2520 etiam
2675 2449 2746 2515 in
2798 2470 2912 2515 oo-

633 2573 782 2640 dioe
828 2573 920 2639 F:
952 2577 1023 2640 et
1067 2595 1130 2659 p.
1180 2574 1314 2640 530
1361 2573 1642 2660 legitur,
1691 2575 1812 2642 sed
1856 2579 2134 2661 propter
2181 2574 2505 2652 πολλάκις,
2571 2572 2755 2658 quod
2815 2570 2910 2636 ibi

633 2694 960 2760 omissum
1005 2714 1155 2761 esse
1200 2694 1538 2779 videmuS,
1584 2717 1911 2763 numerus
1958 2692 2319 2782 singularis
2365 2693 2684 2760 tuendus·
2712 2695 2837 2759 est.

806 2837 870 2901 p.
926 2814 1010 2880 47
1025 2836 1081 2881 o.
1159 2814 1238 2881 In
1301 2816 1545 2903 ecloga
1605 2816 1918 2884 Alexidis
1982 2816 2224 2883 oomioi
2289 2816 2361 2882 in
2424 2834 2660 2882 versu:
2726 2810 2768 2893 ἢ
2823 2812 2909 2891 μῆ

629 2937 1088 3024 ποθοῦντ’ῴδοὶς
1134 2937 1388 3018 ποιητὴν
1430 2943 1531 3001 καὶ
1569 2945 1734 3020 μέλη.
1825 2939 1957 3005 Pro
2002 2940 2309 3003 ποθοῦντ’.
2376 2935 2582 3002 Mein.
2629 2938 2912 3013 πόιοῧντ’,

630 3056 754 3124 sed
812 3056 944 3123 hoo
989 3057 1076 3123 K.
1141 3059 1263 3124 vix
1322 3062 1510 3124 reete
1572 3059 1965 3126 coniectum
2027 3079 2177 3125 esse
2238 3061 2463 3143 putat.
2553 3056 2707 3143 Ego
2755 3055 2908 3122 coll.

629 3176 1122 3245 Anaxandride
1186 3201 1254 3265 p.
1299 3180 1504 3245 222b.
1584 3179 1796 3261 ἡδονὴν
1840 3183 1982 3263 ἔχει,
2025 3179 2165 3243 ὅταν
2208 3179 2441 3263 τιςεῖίρῃ
2484 3179 2692 3243 καινὸν
2734 3178 2913 3244 &325-

629 3300 811 3378 μημοῖ
837 3325 914 3376 τι,
961 3300 1176 3378 δηλοῦν
1205 3299 1435 3365 ἅπασιν
1466 3306 1589 3367 aut
1618 3301 1882 3382 dqaoffvr'
1929 3307 2053 3368 aut
2081 3306 2366 3381 πλέκοντ’,
2414 3301 2598 3388 quod
2626 3301 2697 3366 in
2729 3301 2913 3387 frag-

631 3425 867 3486 mento
923 3418 1193 3488 Ctesiae
1255 3441 1321 3506 p.
1367 3422 1557 3488 GOOd
1620 3423 1719 3487 τὸν
1779 3423 1846 3488 δὲ
1905 3394 2256 3505 γυναικείων
2315 3431 2546 3504 μελέων
2608 3425 2912 3498 πλέξαντα

633 3542 935 3630 πότίρδὰς
978 3540 1250 3628 legitur,
1298 3544 1785 3627 proposuerim.
2503 3631 2507 3636 .

804 3684 870 3748 p.
914 3661 1072 3729 496.
1117 3663 1465 3741 κοκκύμηλα
1510 3655 1614 3727 οὖν
1644 3672 1767 3727 ἐστι
1794 3668 1981 3728 ταῦτα
2005 3687 2019 3701 ·
2044 3654 2130 3728 οἷν
2175 3663 2360 3742 ἄλλος
2387 3691 2451 3729 τε
2481 3672 2778 3742 μέμνηται
2807 3666 2911 3724 καὶ

623 3781 962 3860 Ἱππῶναξ.
1052 3783 1371 3850 Alterum
1433 3788 1704 3850 testem.
1770 3786 1887 3870 qui
1940 3789 2068 3852 sub
2129 3786 2309 3863 ἄλλος
2353 3787 2555 3869 latet,
2600 3783 2915 3850 Archilo-

638 3903 846 3969 chum
890 3924 1040 3970 esse
1081 3904 1345 3971 oonioio
1386 3927 1473 3971 ex
1516 3905 1669 3972 loeo
1715 3904 1879 3971 Poll.
1912 3926 2138 3972 onom.
2187 3906 2237 3990 I,
2272 3906 2399 3974 232
2443 3902 2768 3989 χρῆται-δὲ
2812 3908 2913 3965 καὶ

630 4025 969 4107 Ἀρχίλοχος
1013 4027 1098 4111 τῷ
1141 4027 1260 4089 τῶν
1306 4025 1700 4105 κοκκυμήλων
1742 4028 2007 4105 ὀνόματι.

810 4167 872 4232 p.
920 4148 1026 4214 51.
1100 4148 1486 4226 παμπόλλοις
1543 4147 1781 4229 χρόνοις
1863 4145 2281 4230 πρεσβύτερος.
2391 4145 2480 4213 Κ.
2549 4145 2620 4211 in
2686 4144 2912 4213 medio

638 4266 978 4351 relinquit,
1024 4271 1257 4334 utrum
1289 4267 1723 4334 scribendum
1756 4267 1846 4334 sit
1889 4267 2124 4350 χρόνοις
2161 4288 2251 4333 an
2294 4269 2469 4345 ἔτεσι,
2516 4286 2647 4353 ego
2679 4263 2914 4330 malim

639 4392 807 4465 ἔτεσι,
856 4389 1040 4474 quod
1084 4410 1148 4474 p.
1200 4388 1380 4454 116d
1426 4394 1675 4461 πολλοῖς
1720 4391 1879 4453 ἔτεσι
1923 4390 2146 4452 τούτων
2194 4387 2594 4473 πρεσβύτερος
2637 4384 2912 4471 legitur.
