3609 5234
1672 585 2104 652 —26—

740 768 1077 845 φιλοτίμως
1121 761 1295 827 haee
1340 760 1482 825 fere
1529 757 1863 824 excidisse
1910 758 2244 843 suspicor:
2290 757 2554 834 μάλιστα
2599 759 2662 824 δὲ
2706 763 2846 840 περὶ
2890 782 3025 820 ναυ-

740 890 978 962 πηγίας.

917 1022 983 1087 p.
1030 1000 1216 1067 2071'.
1293 1003 1568 1075 ἱππῶνες
1613 991 1763 1079 ἦσαν
1805 999 2082 1081 ἑκατέρου
2128 998 2248 1061 τῶν
2293 1006 2511 1080 τοίχων
2553 974 2713 1062 δέκα.
2789 998 3025 1064 Malim

738 1124 1017 1208 ἑκατέρῳ.

917 1263 980 1327 Ρ.
1027 1243 1175 1310 209.
1266 1247 1452 1326 χωρὶς
1502 1240 1566 1304 δὲ
1619 1241 1839 1303 τοῦτων
1884 1242 1913 1302 o‘
1961 1240 2343 1319 ἐπισιτισμὸς
2386 1231 2476 1319 ἢν.
2567 1239 2700 1306 Pro
2746 1231 2816 1316 ἧν
2865 1240 3022 1304 sub·

742 1363 1173 1429 stituendum
1219 1384 1368 1430 esse
1411 1367 1581 1447 puto
1627 1362 1777 1438 ἐνῆν.
2767 1352 2775 1362 ’
3037 1352 3041 1358 ’

916 1483 1179 1550 Ibidem
1223 1486 1287 1550 b.
1378 1483 1458 1549 In
1504 1481 1878 1549 sententia:
1925 1483 2026 1545 καὶ
2078 1483 2191 1566 γὰρ
2245 1474 2314 1563 ἧν
2362 1484 2582 1559 σποῖνις
2640 1493 2804 1548 σίτου
2852 1482 3025 1547 desi·

743 1604 1025 1671 deratur
1069 1606 1219 1668 τότε.

917 1746 983 1810 Ρ.
1032 1725 1218 1793 2111'.
1307 1726 1519 1804 ταύτης
1572 1717 1675 1789 οὖν
1740 1729 1844 1790 εἴτ’
1899 1730 1962 1803 ἐξ
2030 1727 2210 1788 αὐτοῦ
2249 1710 2536 1805 ’τεκούσης
2587 1727 2687 1788 εἴτ’
2738 1728 2799 1800 ἐξ
2845 1721 3026 1787 ἄλλου

743 1845 902 1922 τινὸς
945 1847 1268 1926 ὁμώνυμος
1311 1849 1634 1925 Ἀθηνίωνι
1685 1852 1773 1935 τῷ
1827 1847 2090 1929 δεσπότῃ
2141 1854 2563 1930 παρετρέφετο.
2651 1846 2820 1912 Post
2873 1843 3029 1919 τινὸς

748 1967 923 2033 haec
955 1968 1097 2034 fere
1128 1970 1345 2034 verba
1368 1967 1700 2035 excidisse
1723 1968 2077 2034 videntur:
2105 1966 2255 2040 παῖς
2281 1974 2501 2047 ἐγένετο
2532 1973 2655 2045 καὶ,
2682 1967 2754 2032 in
2786 1968 3029 2033 eadem

746 2088 1098 2155 sententia
1138 2092 1456 2167 Ἀθηνίωνι
1500 2089 1792 2155 fortasse
1842 2088 2210 2155 delendum
2255 2091 2379 2154 est.

919 2230 985 2294 p.
1031 2210 1230 2276 2120.
1323 2217 1673 2294 συνέτρεχον
1726 2213 1791 2274 δὲ
1852 2215 2064 2274 πολλοὶ
2116 2215 2217 2272 καὶ
2280 2208 2452 2272 ἄλλοι
2504 2205 2749 2274 θεαταὶ.
2837 2207 3026 2274 Ante

745 2334 848 2392 καὶ
892 2328 1064 2394 ἄλλοι
1107 2331 1545 2398 inserendum
1590 2353 1740 2398 esse
1785 2332 1957 2418 puto
2002 2327 2198 2409 ἀστοὶ,
2243 2330 2479 2407 confer
2509 2348 2553 2394 o
2601 2329 2835 2412 πλήρης
2878 2328 2931 2392 δ’
2957 2322 3027 2406 ἢν

742 2457 846 2513 καὶ
889 2451 920 2513 ὅ
964 2450 1333 2533 Κεραμεικὸς
1379 2454 1579 2517 ἀστῶν
1624 2458 1726 2517 καὶ
1770 2457 1974 2530 ξένων.

915 2594 981 2658 Ρ.
1029 2573 1226 2639 2130.
1303 2580 1404 2636 καὶ
1450 2573 1631 2650 ἐάσας
1672 2573 1815 2650 τούς
1860 2572 2115 2648 πολλοὺς
2160 2576 2531 2650 συλλαλῆσαι
2581 2578 2719 2657 περὶ
2763 2577 2883 2637 τῶν
2932 2610 3028 2634 -.

742 2693 1056 2761 Verbum
1101 2700 1268 2758 συλλ.
1313 2694 1594 2779 requirit
1639 2695 1920 2774 ἀλλήλοις
1962 2695 2107 2777 vel,
2173 2694 2358 2781 quod
2417 2694 2595 2760 infra
2659 2716 2696 2760 e
2758 2694 3030 2781 legitur,

739 2815 958 2890 αὖτοΐς.

916 2956 981 3020 Ρ.
1040 2934 1242 3002 2l4d.
1334 2936 1426 3000 ὅτε
1472 2943 1580 3009 μὲν
1624 2936 1740 3018 γὰρ
1787 2936 2128 3019 ἐφιλοσόφει
2170 2942 2272 2998 καὶ
2314 2935 2386 3000 τὰ
2431 2935 2881 3017 περιπατητικά
2921 2972 3026 3000 --.

742 3055 1030 3141 Vereor,
1074 3079 1160 3124 ne
1206 3058 1292 3123 K.
1338 3062 1525 3124 reete
1580 3057 1991 3143 particulam
2034 3062 2136 3120 καὶ
2190 3055 2542 3139 deleverit,
2595 3076 2761 3121 nam
2805 3056 3026 3121 Athe-

745 3179 908 3245 nion
971 3185 1043 3245 et
1088 3179 1233 3265 ipse
1278 3181 1768 3266 peripateticus
1816 3179 1976 3262 fuit,
2041 3179 2255 3263 possit
2320 3177 2530 3244 etiam
2592 3178 2830 3264 augeri
2874 3198 3027 3262 pro-

743 3301 1019 3367 nomine
1065 3302 1261 3378 αὐτός.

915 3443 980 3506 Ρ.
1028 3423 1231 3489 2l5d.
1309 3424 1552 3513 πάντων
1596 3424 1713 3485 τῶν
1753 3422 2091 3497 Ἀθηναίων
2136 3419 2471 3503 φυγόντων,ι
2529 3420 2775 3483 πολλῶν
2822 3420 2885 3484 δὲ
2930 3426 3029 3483 καὶ

749 3545 1165 3620 ἀπολομένων.
1239 3543 1326 3610 K.
1375 3564 1496 3627 pro
1543 3541 1789 3604 πάντων
1835 3541 2140 3625 postulat
2187 3543 2462 3620 πολλῶν,
2507 3541 2629 3608 sed
2672 3541 2877 3607 lectio
2924 3562 3033 3607 oo-

744 3663 914 3729 diois
962 3664 1107 3729 sine
1153 3663 1358 3729 dubio
1404 3683 1571 3728 vera
1617 3668 1742 3729 est.

917 3784 1198 3851 Ibidem.
1274 3789 1374 3846 καὶ
1420 3782 1616 3847 πολλὰ
1661 3786 1829 3867 παροέ
1863 3785 1997 3861 τούς
2025 3786 2275 3868 χρόνους
2305 3785 2631 3867 γράφοντες
2670 3784 2775 3845 οὐκ
2805 3783 3029 3847 αἰσθά-

744 3931 961 3968 νονται.
1050 3905 1349 3989 Wilam.,
1406 3905 1517 3971 eui
1561 3906 1735 3970 αἶσθ.
1792 3927 1931 3972 non
1965 3906 2264 3989 suffieit,
2322 3904 2575 3972 eonieii]
2629 3903 3028 3986 αἰσχύνονται.

742 4025 883 4094 Sed
930 4028 1098 4093 duos
1144 4027 1330 4092 locos
1377 4026 1580 4093 huius
1643 4026 1727 4092 de
1780 4027 2202 4112 philosophis
2258 4026 2677 4112 quaestionis
2731 4025 3027 4091 intuens.

743 4170 808 4234 p.
856 4149 1039 4216 216b
1086 4150 1115 4210 ὅ
1172 4149 1243 4232 τῇ
1304 4147 1683 4229 Μνημοσύνῃ
1743 4153 1914 4229 φίλος
1958 4146 2220 4212 Πλάτων
2268 4150 2338 4212 et
2394 4147 2648 4213 ibidem
2694 4146 2728 4211 f
2767 4146 2832 4210 τὸ
2875 4144 3028 4208 κατὰ

740 4269 876 4344 τούς
936 4269 1185 4352 χρόνους
1260 4269 1574 4350 ἀστόχημα
1649 4289 1787 4334 non
1869 4260 2237 4334 verisimile
2310 4287 2458 4333 esse
2489 4300 2495 4306 ·
2521 4267 2807 4333 arbitror
2868 4267 3026 4334 sori-

743 4395 1013 4476 ptorem
1048 4374 1186 4454 ⁶hoe
1231 4391 1444 4455 verbo
1481 4409 1684 4455 usum
1731 4410 1900 4456 esse.
