3609 5234
1490 527 1922 593 -19-

1133 1067 1574 1166 Liber
1646 1077 2289 1195 quartus.

742 1302 818 1369 P.
870 1304 1009 1371 129.
1071 1304 1157 1380 (ὅς
1182 1310 1472 1389 Πρωτέας
1523 1352 1537 1369 .
1565 1352 1578 1367 .
1612 1353 1626 1366 .
1673 1307 1841 1368 ἔπινε
1884 1312 2165 1373 πλεῖστον
2208 1299 2308 1387 (ἧν
2349 1307 2462 1391 γὰρ
2507 1302 2852 1386 πολυπότης

567 1424 655 1500 ὥς
699 1430 801 1488 καὶ
846 1425 875 1487 ὃ
923 1424 1183 1500 πάππος
1228 1428 1426 1488 αὐτοῦ.
1476 1425 1516 1509 .)
1623 1425 1710 1490 Κ.
1766 1431 1953 1492 recte
2008 1430 2135 1493 sub
2178 1429 2681 1514 praepositione
2727 1433 2851 1508 ἐπὶ,

570 1567 780 1631 quam
826 1550 897 1611 et
942 1546 1160 1612 codex
1204 1546 1271 1611 A
1318 1552 1388 1613 et
1435 1568 1671 1613 omnes
1735 1546 2069 1614 editiones
2133 1549 2495 1634 exhibent,
2557 1550 2851 1616 formam

569 1667 764 1734 verbi
808 1677 1003 1732 πίνειν
1046 1668 1262 1734 latere
1307 1668 1509 1752 vidit,
1557 1669 1678 1735 sed
1722 1668 1791 1733 in
1839 1689 1919 1734 eo
1966 1669 2299 1735 erravisse
2344 1670 2510 1735 mihi
2554 1669 2852 1753 videtur,

574 1790 756 1873 quod
798 1789 1278 1874 imperfectum
1334 1811 1454 1875 pro
1509 1789 1760 1856 aoristo
1810 1789 2058 1874 posuit.
2149 1789 2330 1856 Nam
2383 1791 2666 1857 dubium
2709 1812 2850 1856 non

575 1915 708 1994 est,
771 1911 936 1995 quin
988 1910 1460 1996 Hippolochus
1523 1911 1815 1976 scribere
1878 1911 2175 1977 voluerit
2218 1910 2541 1977 Proteam
2602 1912 2673 1977 in
2734 1912 2852 1978 illo

574 2031 894 2098 convivio
955 2031 1247 2117 nuptiali
1298 2031 1668 2116 plurimum
1712 2031 2094 2116 potavisse3
2160 2032 2593 2117 eundemque
2655 2035 2854 2117 pota-

572 2158 792 2218 torem
837 2151 1046 2219 fuisse
1091 2152 1161 2218 in
1205 2153 1617 2238 parenthese
1663 2156 2020 2219 memorat.

744 2274 1025 2339 Ibidem.
1120 2279 1221 2336 καὶ
1281 2277 1646 2351 ἐπεισῆλθον
1697 2272 1878 2337 ἄλλαι
1929 2281 2215 2358 φέρουσαι
2269 2276 2588 2353 ληκύθους.
2678 2274 2852 2343 Cum

574 2394 644 2460 in
690 2395 1035 2461 sententia
1079 2394 1422 2479 superiore
1481 2393 1832 2477 αὐλητρίδες
1873 2400 1975 2457 καὶ
2016 2401 2374 2477 μουσουργοὶ
2418 2402 2519 2458 καὶ
2562 2400 2852 2479 σαμβυκί-

577 2539 773 2600 στριαι
818 2522 1322 2599 enumerentur,
1377 2516 1446 2581 in
1492 2515 1623 2581 hac
1669 2520 1826 2600 post
1870 2514 2049 2579 ἄλλαι
2094 2516 2517 2583 desideratur
2560 2526 2849 2599 γυναῖκες.

747 2660 812 2724 p.
850 2640 1040 2706 1300.
1107 2644 1209 2702 καὶ
1251 2637 1525 2713 πολλοὺς
1546 2640 1898 2721 κατέρρηξεν
1941 2636 2115 2715 ἡμῶν
2157 2643 2436 2717 γέλωτας.
2499 2638 2633 2704 Pro
2676 2639 2849 2719 ἡμῶν

575 2764 880 2846 praestat
924 2759 1215 2825 scribere
1263 2759 1423 2839 ἡμῖν.

744 2882 1006 2949 Ibidem
1052 2881 1116 2946 d.
1183 2880 1257 2944 σύ
1317 2880 1383 2943 δὲ
1443 2878 1629 2959 μόνον
1690 2888 1751 2943 ἐν
1799 2880 2082 2959 Ἀθήναις
2140 2886 2340 2957 με’νων
2401 2880 2850 2960 εὐδαιμονίζεις.

576 3004 659 3070 Κ.
708 3005 804 3072 sic
844 3002 1044 3070 scribi
1072 3003 1257 3068 vult:
1306 3000 1378 3065 σύ
1426 3005 1536 3078 μὲν
1575 2990 1698 3078 οὖν,
1745 3020 1876 3085 ego
1906 3021 2027 3085 pro
2073 3001 2259 3082 μόνον
2292 3002 2852 3069 substituendum

576 3145 724 3190 esse
745 3123 1032 3191 arbitror
1048 3127 1301 3207 μᾶλλον,
1322 3121 2077 3208 quodconiungendum
2098 3126 2204 3187 est
2215 3142 2376 3188 cum
2387 3123 2850 3204 verbosddam.

745 3267 810 3331 p.
850 3244 1043 3312 1340.
1098 3252 1158 3307 ἐν
1189 3248 1277 3330 τῷ
1303 3251 1766 3330 ἐπιγραφομένῳ
1790 3242 2172 3307 Ἰσοστάσιον.
2239 3244 2388 3309 Aut
2416 3244 2853 3311 scribendum

575 3372 680 3431 est
717 3369 1065 3454 Ἰσοστασίῳ
1111 3370 1234 3431 aut
1278 3365 1678 3432 inserendus
1725 3370 1888 3431 ante
1931 3367 2133 3428 Ἰσοστ.
2181 3364 2457 3430 dativus
2503 3363 2786 3448 δράματι.

746 3508 811 3572 Ρ.
862 3485 980 3553 141
997 3488 1061 3554 d.
1126 3486 1209 3566 μή
1242 3493 1537 3565 μέλλοντα
1572 3511 1635 3566 γε
1666 3493 2144 3569 προσφέρεσθαι.
2203 3492 2516 3564 μέλλοντα,
2561 3505 2682 3569 pro
2714 3507 2853 3570 quo

576 3608 663 3674 Κ.
707 3614 1032 3687 μέλλοντας
1076 3608 1276 3674 scribi
1319 3608 1475 3673 vult
1487 3659 1503 3690 ,
1550 3608 1887 3673 tuendum
1934 3612 2060 3690 est,
2104 3628 2266 3672 nam
2331 3582 2621 3671 {rerbum
2667 3630 2852 3689 προσ-

577 3737 875 3814 φέρεσθαι
918 3731 1050 3797 hoc
1095 3734 1249 3798 loco
1293 3729 1439 3794 vim
1482 3728 1740 3814 passivi
1782 3727 2016 3793 habet.

751 3873 816 3937 p.
868 3851 990 3918 143
1005 3872 1063 3917 c.
1131 3855 1296 3914 τοῦτο
1356 3849 1522 3932 κοινῇ
1587 3848 1803 3923 πάντες
1857 3857 2132 3912 πίνουσιν
2187 3850 2248 3910 οἳ
2306 3845 2460 3909 κατὰ
2505 3844 2607 3926 τὴν
2650 3844 2856 3924 κοινῆν

578 3972 888 4057 τράπεζαν.
974 3971 1439 4039 Accusativus
1484 3974 1653 4034 τοῦτο
1695 3969 1853 4034 ferri
1899 3973 2150 4054 potest,
2197 3966 2431 4032 confer
2474 3986 2538 4050 p.
2585 3965 2709 4033 180
2752 3965 2855 4031 τὸν

577 4094 966 4159 ὀκτακότυλον
1022 4096 1294 4177 ψυκτῆρα
1338 4100 1579 4156 πίνουσι
1624 4096 1696 4156 et
1737 4090 1953 4173 432d,
2017 4089 2139 4156 Sed
2200 4110 2322 4174 pro
2375 4087 2603 4167 κοινὴν,
2670 4086 2855 4171 quod

577 4215 744 4281 mihi
802 4216 1113 4302 ineptum
1158 4215 1452 4298 videtur,
1499 4211 1821 4279 substitui
1868 4209 2077 4277 velim
2122 4211 2321 4286 αὐτήν.

747 4358 812 4422 Ρ.
865 4335 1056 4443 144ᾆ.
1134 4348 1339 4419 μυρίοι
1396 4335 1459 4400 δὲ
1521 4335 1848 4417 τεχνῶνται
1911 4341 1971 4394 τί
2022 4329 2096 4395 ἄν
2149 4329 2336 4408 ἡδέως
2387 4326 2588 4412 φάγοι.
2693 4326 2851 4392 Non

2463 4432 2547 4497 2*
