3609 5234
1263 1493 1704 1592 Liber
1773 1494 2002 1622 pri
2014 1524 2364 1591 mus

846 1710 1014 1799 Pag.
1068 1714 1124 1778 1.
1159 1712 1293 1796 (ed.
1327 1711 1507 1795 Cas.)
1573 1712 1881 1776 ὑπόκειται
1910 1714 1974 1778 δὲ
2018 1717 2106 1800 τῷ
2132 1709 2287 1800 λόγῳ
2309 1719 2645 1797 Λαρένσιος
2674 1758 2690 1774 .
2724 1754 2739 1772 .
2772 1758 2789 1773 .
2818 1710 2953 1786 τοὺς

670 1830 828 1895 κατὰ
883 1836 1088 1897 πᾶσαν
1159 1833 1442 1897 παιδείαν
1502 1830 1970 1915 ἐμπειροτάτους
2035 1839 2095 1895 ἐν
2140 1840 2263 1905 τοῖς
2335 1832 2520 1896 αὑτοῦ
2587 1830 2953 1910 δαιτυμόνας

674 1954 1048 2032 ποιούμενος.

848 2073 1205 2141 Kaibelius
1237 2082 1613 2161 praeeunte
1638 2074 2103 2141 Herwerdeno
2136 2072 2501 2139 articulum
2532 2079 2652 2146 τοῖς
2680 2092 2720 2138 6
2749 2075 2952 2138 textu

672 2195 984 2278 sustulit;
1031 2194 1154 2261 sed
1197 2216 1328 2282 ego
1359 2196 1729 2263 lectionem
1772 2195 2075 2281 priorum
2120 2193 2499 2259 editionum
2539 2193 2949 2259 servandam

672 2334 827 2381 esse
884 2315 1140 2400 opinor.
1231 2315 1412 2382 Nam
1457 2322 1517 2380 ἐν
1562 2324 1682 2391 τοῖς
1725 2315 1910 2378 αὑτοῦ
1968 2335 2108 2381 non
2171 2318 2442 2398 spectat
2495 2313 2584 2379 ad
2643 2317 2952 2380 extrema

674 2436 891 2502 verba
952 2436 1316 2515 δαιτυμόνας
1361 2434 1747 2513 ποιούμενος,
1813 2455 1991 2521 quae
2054 2456 2209 2501 mea
2271 2436 2548 2522 quidem
2608 2436 2953 2503 sententia

672 2556 1005 2623 adverbio
1049 2557 1252 2627 locali
1296 2577 1436 2623 non
1481 2560 1722 2641 egent,
1787 2555 1910 2623 sed
1954 2557 2044 2623 ad
2096 2576 2208 2638 ea,
2274 2577 2451 2642 quae
2504 2556 2950 2643 praecedunt,

673 2676 1109 2743 referendum
1140 2682 1265 2761 est,
1311 2677 1410 2743 ita
1454 2681 1535 2743 ut
1570 2676 1754 2742 idem
1783 2676 2042 2759 valeat,
2090 2677 2275 2762 quod
2320 2685 2381 2742 ἐν
2417 2684 2539 2754 τοῖς
2567 2678 2712 2741 καθ’
2739 2675 2952 2743 αὖτόνε

674 2817 767 2864 ex
808 2798 1210 2884 aequalibus
1257 2797 1765 2864 eruditissimos:

848 2919 1112 2986 Ibidem
1157 2921 1221 2985 b.
1268 2918 1310 2999 ἢ
1347 2924 1618 2983 ἐπιλίποι
1661 2919 1723 2996 μ’
1771 2914 1846 2980 (ἲν
1889 2916 1924 2996 ἦ
1968 2916 2158 3023 ἡμέρα
2201 2955 2306 2982 —.

853 3039 1072 3106 Recte
1119 3039 1207 3105 K.
1264 3039 1675 3125 particulam
1735 3038 1811 3103 ἄν
1878 3020 2191 3125 optativo
2253 3035 2543 3120 addidit,
2607 3035 2730 3102 sed
2795 3040 2957 3102 ante

678 3180 1056 3246 pronomen
1098 3160 1262 3246 poni
1308 3160 1573 3244 debuit,
1637 3166 1716 3227 ut
1763 3161 2139 3228 oollooatur
2181 3180 2248 3245 p.
2293 3159 2421 3225 507
2467 3163 2737 3221 ἐπιλίποι
2783 3156 2836 3221 δ’
2883 3155 2956 3221 ἄν

675 3304 755 3358 με
797 3278 832 3357 ἦ
879 3279 1071 3361 ἡμέρα
1116 3283 1188 3345 et
1231 3300 1298 3365 p.
1345 3281 1481 3347 200
1527 3287 1830 3345 ἐπιλείποι
1870 3280 1925 3345 δ’
1972 3279 2047 3344 ἄν
2090 3305 2169 3361 με
2215 3281 2326 3362 οὐχ
2371 3279 2581 3362 ἡμέρα.

847 3419 913 3484 p.
961 3401 1022 3468 3.
1077 3407 1180 3464 καὶ
1222 3405 1480 3484 βιβλίων
1524 3403 1732 3483 κτῆσις
1775 3404 1945 3489 αὐτῷ
1989 3404 2261 3487 ἀρχαίων
2299 3399 2653 3481 Ἑλληνικῶν
2698 3398 2954 3478 τοσαύτη

671 3520 759 3594 ὥς
802 3519 1202 3603 ὑπερβάλλειν
1256 3522 1492 3599 πάντας
1535 3522 1669 3598 τούς
1728 3527 1828 3587 ἐπὶ
1883 3525 2200 3607 συναγωγῇ
2250 3528 2807 3600 τεθαυμασμένους,
2850 3557 2937 3569 ·-

674 3641 842 3709 Post
889 3663 1092 3722 συναγ.
1138 3642 1502 3727 requiritur
1522 3664 1925 3729 pronomen
1969 3643 2224 3727 τοιαύτῃ.

850 3762 1113 3829 Ibidem
1145 3764 1208 3829 d.
1257 3766 1558 3841 τοιούτους
1600 3765 1721 3829 ἔδει
1764 3771 1868 3829 καὶ
1913 3764 2045 3841 τούς
2086 3763 2335 3839 λοιποὺς
2369 3761 2523 3827 εἶναι
2567 3768 2809 3837 πλείους
2830 3780 2847 3798 ·
2871 3760 2957 3836 ὥς

677 3889 801 3957 τοῖς
844 3882 1039 3964 ysam)
1087 3885 1258 3948 τοῦτο
1313 3888 1595 3951 ποιοῦσιν
1655 3893 1775 3970 ἐρεῖ
1825 3911 1915 3961 τις
1972 3885 2056 3949 ’τί
2111 3882 2470 3971 μικρολόγος
2511 3881 2608 3961 εἶς’
2656 3926 2762 3951 --.
2825 3884 2956 3952 Pro

679 4007 923 4078 πλείους
979 4003 1288 4073 Adamus
1340 4013 1665 4082 πλουσίους
1716 4005 1998 4088 conicit,
2063 4027 2184 4091 pro
2238 4007 2325 4082 ὥς
2375 4013 2500 4082 τοῖς
2539 4004 2629 4072 K.
2684 3994 2771 4069 αῗν
2812 4012 2956 4082 τοῖς,

678 4141 812 4209 ego
862 4143 984 4208 pro
1031 4130 1316 4202 πλείους·
1336 4151 1421 4203 ως
1465 4127 1875 4194 coniecerim
1928 4130 2336 4204 πλουτουντας
2388 4132 2488 4210 et,
2541 4146 2701 4193 oum
2745 4125 2956 4191 etiam

679 4230 971 4310 verbum
1001 4270 1273 4310 ποιουσιν
1307 4246 1621 4334 ineptum
1653 4268 1802 4315 esse
1832 4247 2001 4314 mihi
2031 4247 2369 4331 videatur,
2416 4247 2530 4313 sio
2543 4243 2955 4332 perrexerim

679 4366 942 4453 legere:
991 4371 1112 4437 τοῖς
1157 4365 1221 4429 δὲ
1263 4391 1680 4445 μονοσιτουσιν
1724 4373 1851 4452 ἐρεῖ
1888 4374 2014 4433 κτλ.
