3609 5234
1611 581 2044 647 -28-

689 758 761 819 et
823 753 1159 840 cogitanti
1221 754 1394 819 haec
1469 774 1606 819 uno
1669 748 1980 837 ternpore
2046 752 2235 816 facta
2303 773 2486 837 esse,
2565 753 2975 838 Phalaecus,

690 872 1123 941 Onomarcho
1185 879 1421 958 natus,
1486 874 1646 939 huic
1720 871 2136 957 expeditioni
2210 871 2600 940 interfuisse
2671 897 2810 942 non
2873 879 2978 944 vi-

690 996 907 1061 detur.
999 995 1152 1080 Qua
1199 996 1284 1061 de
1330 1015 1541 1061 causa
1593 986 1810 1060 verba
1871 997 1973 1054 καὶ
2020 992 2328 1067 Φάλαικος
2381 997 2581 1059 textu
2627 997 2976 1062 movenda

690 1135 843 1181 esse
890 1135 1159 1181 censeo.

861 1257 926 1321 Ρ.
975 1236 1173 1304 2333..
1250 1235 1291 1314 ἧ
1329 1243 1439 1315 μὲν
1484 1234 1827 1318 σκυθρωπὴ
1891 1226 2042 1300 οὖσα
2093 1233 2244 1298 κατὰ
2299 1234 2400 1298 τὸν
2449 1239 2599 1318 βίον.
2695 1236 2974 1303 Wilam.

692 1357 1128 1423 scribendum
1160 1378 1310 1423 esse
1340 1362 1544 1442 putat
1587 1355 1983 1437 σκυθρωπὸς,
2031 1357 2151 1422 sed
2188 1356 2363 1423 haec
2395 1357 2613 1423 forma
2643 1356 2976 1424 feminina

692 1478 902 1543 etiam
948 1478 1132 1563 apud
1176 1477 1629 1545 Plutarchum
1673 1477 2052 1560 invenitur,
2118 1477 2353 1543 confer
2396 1478 2631 1545 Moral.
2685 1478 2876 1546 139F
2923 1480 2977 1542 εἰ

692 1610 1005 1682 χαίροντος
1048 1606 1158 1677 μὲν
1200 1600 1398 1662 εἰκόνα
1444 1597 1821 1682 σκυθρωπὴν
1866 1598 2225 1662 ἀποδίδωσι.

862 1740 926 1804 p.
974 1719 1175 1786 234b.
1222 1720 1620 1801 ἀφωσιώκασι
1649 1718 1713 1783 δὲ
1742 1707 1902 1782 οὗτοι
1933 1718 2031 1782 τὸν
2060 1721 2282 1802 χρυσὸν
2312 1726 2412 1784 καὶ
2441 1723 2547 1783 οὐκ
2579 1722 2973 1805 εἰσφέρουσιν.

693 1840 1108 1907 Accuratius
1155 1840 1472 1906 scribitur
1513 1842 1726 1903 οὐκέτι.

863 1983 926 2048 Ρ.
976 1961 1161 2027 242f.
1237 1961 1668 2043 Χαιρεφῶντος
1714 1960 1777 2024 δὲ
1823 1961 1926 2024 τοῦ
1979 1972 2312 2043 παρασίτου
2356 1970 2655 2041 μέμνηται
2708 1969 2818 2040 μὲν
2864 1967 2979 2027 κάν

693 2090 817 2158 τοῖς
861 2081 985 2164 πρὸ
1009 2084 1271 2145 τούτων.
1363 2081 1449 2147 Κ.
1497 2082 1750 2148 conicit
1790 2083 2292 2161 μεμνημόνευται,
2338 2104 2469 2170 ego
2515 2084 2820 2169 suspicor
2865 2106 2979 2151 ex-

694 2204 937 2270 cidisse
980 2205 1277 2286 Μάτρων.
1370 2201 1705 2288 Spectant
1760 2203 1944 2268 enim
1988 2205 2204 2270 verba
2260 2209 2373 2268 κάν
2417 2213 2541 2281 τοῖς
2577 2206 2705 2288 πρὸ
2751 2207 2977 2270 τούτων

695 2327 783 2392 ad
839 2325 1170 2393 Matronis
1234 2325 1633 2392 convivium
1678 2323 2024 2408 Atticum,
2088 2325 2272 2409 quod
2334 2326 2518 2392 idem
2562 2327 2976 2394 Plutarchus

696 2446 1267 2532 deipnosophistis
1311 2467 1376 2531 p.
1415 2444 1593 2513 134d
1639 2445 1977 2530 exposuit,
2024 2451 2096 2510 et
2141 2446 2229 2511 ad
2275 2468 2554 2513 versum
2591 2448 2632 2515 8
2676 2446 2976 2530 σχεδόθεν

694 2568 763 2632 δέ
802 2573 855 2632 οἱ
900 2560 972 2649 ἢν
1019 2565 1355 2650 παράσιτος
1399 2566 1780 2650 Χαιρεφόων,
1825 2567 2107 2630 πεινῶντι
2150 2567 2316 2654 λάρῳ
2358 2566 2564 2651 ὄρνιθι
2608 2566 2832 2644 ἐοικώς.

866 2711 932 2775 p.
978 2689 1182 2755 250d.
1228 2694 1329 2751 καὶ
1352 2689 1384 2750 0‘
1405 2689 1728 2766 Δημοκλῆς
1751 2677 1845 2749 ἐἷ
1868 2712 1932 2767 γε
1964 2688 2030 2766 νη“
2065 2686 2197 2763 τοὺς
2220 2687 2403 2764 θεοὺς
2432 2691 2857 2769 ἐπιτετίμηκας
2873 2726 2977 2751 -—.

692 2809 863 2876 Post
908 2801 978 2873 εὖ
1016 2833 1079 2890 γε
1127 2808 1586 2894 supplendum
1631 2813 1737 2874 est
1783 2809 2132 2875 obiectum
2175 2813 2299 2889 μοὶ.

867 2952 932 3016 Ρ.
979 2932 1127 2998 256.
1203 2934 1258 2993 οἱ
1299 2930 1362 2995 δὲ
1405 2934 1844 3012 Προμάλαγγες
1905 2931 2173 3009 ζητοῦσιν
2234 2927 2308 2992 ἄν
2371 2956 2429 2992 τι
2491 2930 2612 2992 τῶν
2673 2929 2797 2993 ὕπὸ
2854 2931 2976 2993 τῶν

690 3056 998 3134 Γεργίνων
1043 3050 1624 3131 προσαγγελθόντων
1669 3052 1774 3113 οὐκ
1819 3041 2087 3127 ἀνάξιοί
2111 3047 2262 3113 εἶναι
2315 3051 2604 3130 ζητήσεως
2647 3049 2809 3134 δόξῃ.
2899 3051 2979 3117 In

698 3172 1043 3243 sententia
1074 3171 1477 3238 secundaria
1522 3192 1564 3236 a
1586 3169 1904 3237 Kaibelio
1936 3171 2305 3237 emendata
2335 3170 2567 3238 litotes
2598 3174 2703 3234 οὐκ
2733 3172 2981 3249 ἀνάξιον

698 3292 866 3358 mihi
911 3312 1050 3358 non
1093 3294 1448 3377 probatur,
1495 3291 1785 3382 fortasse
1832 3293 2048 3358 verba
2103 3291 2191 3356 ὅτι
2242 3290 2316 3355 ἄν
2380 3299 2460 3359 ut
2514 3293 2982 3380 dittographia
3086 3382 3092 3389 .

700 3414 992 3480 delenda
1039 3417 1217 3479 sunt.
1968 3500 1972 3505 .
2124 3486 2130 3493 ᾗ

871 3533 1133 3603 Ibidem
1179 3535 1243 3598 b.
1347 3531 1476 3611 ἅμα
1538 3538 1641 3596 καὶ
1700 3531 1976 3612 οἰκισμὸν
2038 3536 2145 3611 τῆς
2205 3536 2324 3597 τῶν
2386 3534 2696 3617 προγόιων
2757 3535 2981 3618 χωρας.

699 3655 831 3723 Pro
876 3657 985 3718 οἰκ.
1033 3654 1268 3720 malim
1313 3653 1513 3720 scribi
1557 3654 1930 3732 ἀνοικισμὸν.

872 3795 937 3860 Ρ.
984 3773 1184 3841 2600.
1217 3781 1491 3849 ’πλείους
1536 3798 1596 3836 τε
1639 3777 1758 3837 τῶν
1791 3774 2118 3837 Θετταλῶν
2163 3775 2279 3838 τῶν
2325 3777 2490 3862 αὐτῷ
2516 3772 2981 3855 πλησιασάντων

699 3895 829 3978 ᾔρει
872 3898 1103 3974 μᾶλλον
1154 3902 1215 3959 ἐν
1269 3903 1400 3969 ταῖς
1453 3902 1806 3971 συνουσίαις.
1895 3893 2171 3960 Wilam.
2238 3895 2308 3961 in
2368 3896 2667 3963 lectione
2730 3898 2983 3965 codicis

702 4015 895 4099 ᾑρεῖτο
941 4020 1173 4095 μᾶλλον
1216 4015 1653 4101 participium
1698 4015 1896 4081 velut
1938 4019 2286 4095 κατακηλοῗν
2330 4016 2545 4083 latere
2590 4022 2814 4103 putat,
2862 4020 2984 4085 sed

706 4156 837 4222 ego
895 4156 1004 4219 ea,
1054 4157 1231 4220 quae
1300 4157 1503 4221 supra
1544 4136 1908 4227 ‘dicunturz
1955 4137 2226 4218 ἀρέσκειν
2291 4138 2492 4212 αὐτοῖς
2547 4141 2829 4223 ἐπειρᾶτο
2881 4146 2985 4204 καὶ
3029 4189 3033 4193 «

701 4258 1067 4341 ὀρχούμενος
1123 4263 1226 4319 καὶ
1278 4256 1575 4336 κωμάζων
1647 4257 1923 4322 intuens
1976 4256 2412 4341 participium
2472 4260 2815 4326 κολακεύων
2869 4261 2985 4327 vel

702 4380 998 4457 κωμάζων
1032 4376 1346 4444 sufficere
1393 4377 1698 4443 arbitror.
1746 4414 1831 4424 —-
1880 4375 2186 4445 Similem
2231 4380 2648 4447 sententiam
2690 4382 2984 4469 legimus
